2962 5158
352 411 393 478 50
473 402 476 408 ’
745 403 966 474 TIBERIUS.

352 578 502 664 Denique
519 577 616 643 etiam
638 579 698 644 sub
723 577 909 642 Domitiano
935 530 1051 642 litteris
1079 593 1132 643 res
1157 589 1265 664 gestas
1293 597 1390 645 con·

352 689 481 772 signare
509 687 625 776 oppido
652 684 869 776 periculosum
887 696 964 750 eret.
1006 683 1084 792 Etsi
1100 687 1185 752 euim
1204 687 1391 754 bibliothe-
1470 749 1471 764 ,

324 854 330 878 ‚
353 815 407 860 ces
427 796 575 860 incendio
598 798 783 884 absumptas
806 794 1038 890 impensissime
1058 813 1207 884 reparare
1238 799 1391 876 curavit,
1470 777 1471 850 Ῑ

353 891 588 992 exemplaribus
622 904 760 991 undique
786 905 902 992 petitis,
929 903 1097 986 missisque
1124 904 1390 988 Alexandriam,
1470 909 1471 928 ¹

352 1015 407 1095 qui
426 1013 638 1080 describerent
667 1012 948 1094 emendarentque:
991 1022 1097 1074 tamen
1123 1015 1196 1103 'ipse
1225 1013 1390 1090 liberalia
1470 1047 1471 1110 j

352 1121 458 1186 studia
485 1119 647 1206 neglexit,
675 1122 930 1206 carminibusque
956 1118 1078 1184 nullam
1113 1143 1245 1211 operam
1272 1122 1387 1203 dedit,
1470 1111 1471 1158 ἶ

352 1249 457 1313 neque
482 1239 605 1316 praeter
633 1228 873 1292 commentarios
905 1237 936 1289 et
970 1239 1042 1292 ncta
1070 1227 1192 1296 'riberii
1221 1229 1388 1296 Caesaris

352 1338 519 1424 quicquam
535 1335 695 1402 lectitabat
718 1333 780 1418 ¹³).
825 1333 972 1399 Permisit
993 1336 1120 1420 quidem
1137 1337 1228 1404 initio
1258 1339 1293 1403 in
1324 1339 1387 1403 lu-

353 1443 402 1508 dis
423 1445 518 1508 etiam
541 1461 639 1530 prosa
663 1443 806 1508 oratione
831 1439 956 1539 Graece
982 1443 1161 1529 Latineque
1181 1444 1291 1510 doctos
1313 1446 1393 1512 ho·-

351 1554 455 1618 mines
475 1565 595 1618 certare
619 1550 688 1636 ¹⁴):
729 1551 787 1618 sed
807 1552 925 1640 scripta
949 1553 1082 1632 famosa,
1111 1553 1225 1640 quibus
1249 1555 1387 1642 primo.

352 1680 406 1725 res
430 1661 489 1725 viri
512 1681 550 1726 ac
570 1662 711 1726 feminae
738 1663 943 1742 notabantur,
972 1660 1111 1724 abolevit
1138 1657 1206 1744 Η);
1236 1659 1386 1727 Hermo.
1470 1651 1471 1674 ¹

344 1791 469 1854 genem
489 1768 683 1834 Tarsensem
701 1781 832 1856 propter
852 1767 1005 1856 quasdam
1033 1769 1067 1830 in
1088 1766 1221 1833 historia
1248 1769 1382 1855 figuras
1470 1759 1471 1824 l

354 1880 477 1956 oceidit,
498 1879 572 1940 item
593 1873 726 1940 Metium
744 1875 1001 1962 Pompusianum,
1026 1874 1111 1957 quod
1132 1874 1249 1942 habere
1269 1880 1383 1970 impe-

346 1985 502 2048 ratoriam
522 1984 654 2068 genesin
674 1982 771 2067 vidgo
794 1984 962 2062 ferebatur,
985 1994 1017 2046 et
1036 1984 1121 2070 quod
1141 1984 1301 2076 depictum
1321 2009 1380 2054 or·
1470 2015 1471 2060 3

353 2095 425 2158 bem
452 2103 604 2156 terrarum
632 2093 668 2156 in'
695 2093 894 2170 membrana,
922 2091 1155 2178 concionesque
1191 2114 1305 2181 regum
1337 2118 1381 2163 ac

280 2260 282 2272 .
329 2189 471 2268 '‘duoum
490 2223 532 2264 ex
556 2197 630 2264 Tito
652 2201 744 2266 Livio
768 2202 997 2264 circumferret:
1017 2202 1175 2268 interemit
1193 2207 1288 2270 etiam
1310 2207 1378 2270 Ju-
1470 2191 1471 2276 J

344 2315 444 2376 'nium
464 2310 639 2390 Rusticum,
662 2309 747 2394 quod
766 2310 856 2376 Paeti
877 2307 1041 2374 Thraseae
1063 2324 1094 2375 et
1110 2303 1252 2377 Helvidii
1269 2311 1379 2378 Prisci

354 2421 465 2486 laudes
482 2419 648 2499 edidisset,
671 2417 926 2506 appellassetque
949 2440 1004 2482 eos
1027 2401 1243 2486 sanctissimos
1271 2422 1379 2501 viros,
1470 2479 1471 2492 .

347 2533 447 2614 ‘cujus
469 2527 606 2592 criminis
628 2527 796 2591 occasione
817 2525 1025 2616 philosophos
1055 2549 1165 2594 onmes
1192 2527 1280 2595 Urbe
1307 2529 1376 2596 Ita·
1470 2579 1471 2582 ,

354 2636 461 2719 linque
490 2635 661 2700 summovit
686 2633 746 2716 ¹⁶).
793 2635 860 2700 Alii
887 2649 999 2700 contra
1030 2637 1129 2701 vitam
1154 2642 1379 2706 conservaturi

346 2745 490 2832 principi
520 2743 748 2832 adulabantur,
776 2756 812 2810 ut
838 2743 983 2829 Vellejus
1012 2741 1158 2826 Tiberio,
1186 2741 1377 2812 Domitiano

298 2913 301 2920 .
356 2850 574 2930 Quintilianus
607 2852 666 2938 ¹⁷).
726 2851 856 2918 Scilicet
888 2865 1068 2942 quoiusque
1098 2863 1280 2942 supererat,
1317 2859 1380 2942 qui
1470 2901 1471 2958 q

354 2963 581 3050 rempublicam
601 2963 752 3028 vidisseti
792 2962 871 3026 Jure
891 2973 997 3026 autem
1017 2951 1058 3027 'de
1081 2963 1145 3028 ista
1161 2965 1290 3049 jactura
1309 2981 1377 3029 nos
1470 2975 1471 3028 l

357 3071 482 3158 quidem
504 3071 657 3151 dolemus,
685 3055 972 3159 quemvisSeneee
1001 3070 1127 3154 rhetor,
1154 3070 1375 3158 quodminus
1470 3135 1471 3152 2

309 3261 310 3268 ἵ
357 3179 474 3244 exinde
490 3178 622 3262 ingenia
640 3179 769 3256 suerint,
787 3197 855 3240 non
875 3181 1029 3243 interesse
1050 3180 1374 3248 multum-existimet.
1470 3193 1471 3254 1

357 3285 422 3350 Sed
442 3286 570 3352 adrem
588 3293 733 3348 nostram
752 3295 958 3350 revertamur.

276 3453 280 3458 .
356 3437 555 3456 ...ιιι-ικα-
578 3435 579 3439 ’

429 3533 479 3604 ¹³)
501 3536 577 3590 suu.
594 3535 697 3592 nomn
718 3537 775 3590 ea
794 3541 824 3590 es
841 3536 888 3592 20.
925 3537 993 3593 rae
1010 3535 1084 3592 nne.
1102 3537 1150 3596 ris.
1169 3535 1209 3591 iv
1227 3543 1297 3594 exo.
1319 3548 1373 3595 sse·

356 3621 427 3676 diam
444 3620 593 3674 litterarum
610 3645 643 3659 -
664 3617 803 3674 simulans.
914 3689 916 3694 ι
943 3687 945 3696 1

429 3721 788 3794 ss)s„,t‚1)0m1s,0,4,
852 3721 855 3729 “
898 3717 948 3784 ¹⁶)
966 3719 1043 3775 Suet.
1061 3719 1167 3775 Domit.
1188 3738 1211 3776 c.
1230 3721 1256 3779 8.

428 3821 476 3893 ¹⁶)
494 3826 571 3882 Suet.
589 3825 692 3880 Domit.
712 3839 737 3878 o.
755 3821 797 3874 1⁰·
817 3819 861 3876 1²·
880 3819 924 3878 1³·

428 3924 478 3997 ¹⁷)
505 3929 620 3994 Quintil.
637 3928 672 3992 X,
692 3925 717 3991 1,
736 3925 771 3979 ill
800 3932 830 3980 et
854 3923 960 3980 Plinius
985 3925 1176 3982 Domitianum
1203 3927 1315 4000 poitnm
1337 3925 1371 3980 sd
1470 3929 1471 3994 j

357 4006 464 4064 coelum
488 4011 596 4067 tollunt.
640 4011 708 4066 Tae.
728 4007 803 4062 ilict.
828 4007 866 4062 lV
887 4016 956 4065 extr.
993 4025 1111 4066 amorem
1129 4010 1277 4064 carminum
1297 4007 1372 4063 sims-
1470 4017 1471 4022 ’

356 4089 423 4142 laus.
460 4088 536 4164 Suet.
556 4090 661 4144 Domlt.
681 4105 706 4148 c.
722 4091 752 4144 2.
771 4089 914 4146 Simulavit
936 4099 962 4146 st
984 4091 1041 4164 ipss
1065 4091 1133 4150 mire
1151 4091 1306 4174 modestiam
1323 4090 1371 4146 ist·

350 4168 499 4242 primisque
510 4169 635 4242 poenes·
650 4171 769 4228 snsdissm
793 4189 853 4246 sqq.
