2962 5158
220 471 224 478 .
336 407 378 476 so
562 385 565 395 '
648 379 650 387 '
730 403 962 476 nunnius·

337 577 434 644 stiam
454 577 525 662 ejus
542 575 659 657 ediota,
677 575 826 656 oodioilli,
847 574 1145 659 sememoomauo,
1165 586 1248 662 5515,
1266 575 1357 644 deni·

337 706 399 770 qne
418 678 653 767 testamentum,
673 707 756 771 quae
777 687 886 750 omnia
906 681 1079 752 Suetonius
1092 739 1095 748 .
1107 685 1225 772 lsg'nse
1244 689 1358 754 existi-

335 793 472 860 mandus
492 807 541 860 est
566 793 604 877 ⁵).
645 793 886 860 Testamentum
905 807 1012 860 autem
1034 794 1121 879 quod
1144 809 1257 886 postes
1277 799 1357 868 aba

336 904 428 969 litum
448 917 515 969 ost:
553 903 722 988 quominus
750 905 784 968 id
803 915 913 970 noster
930 903 1118 994 inspexerit,
1143 905 1225 972 nihil
1254 905 1359 994 inpe-

337 1009 383 1078 dit
404 1013 445 1100 ⁶).
488 1012 542 1076 Ex
564 1014 676 1078 esteris
696 1013 896 1100 imperatoris
915 1013 1040 1100 seriptis
1059 996 1232 1081 laudantur
1246 1012 1359 1080 ,(1555-

338 1141 377 1188 on
403 1133 551 1210 poemate
581 1132 613 1185 et
639 1129 772 1197 emman]
800 1121 970 1202 Lyrieum:
1013 1118 1210 1204 Conquestio
1244 1123 1284 1187 de
1314 1121 1355 1188 L.

231 1289 234 1300 .
338 1230 488 1298 Caesaris
503 1229 606 1294 morte
621 1227 661 1306 ⁷).
703 1227 848 1294 Alienon
865 1239 1031 1293 suetonum
1050 1230 1088 1294 in
1109 1229 1171 1296 hae
1189 1229 1357 1296 51155551-

336 1351 386 1404 tos
407 1349 552 1403 nostrum
569 1335 724 1402 babuisse
744 1333 916 1402 admodum
935 1337 1100 1423 probabile
1119 1347 1178 1417 est,
1203 1338 1266 1402 etsi
1283 1356 1357 1424 per-,2

337 1469 431 1537 quam
451 1465 572 1535 pouoos
592 1446 738 1510 nominat
759 1441 803 1525 ⁶).
849 1443 1013 1510 Laudatur
1031 1447 1211 1532 Angustum,
1238 1465 1282 1510 en
1298 1465 1359 1510 ons

250 1619 252 1626 .
331 1563 389 1646 jos
410 1553 554 1646 epistolis
573 1553 683 1639 aliqua
710 1551 752 1615 ad
778 1554 911 1618 verbum
928 1553 1059 1616 uendit.
1072 1554 1119 1632 ⁹),
1151 1549 1357 1636 quemadmo-

336 1665 529 1733 dometium
551 1664 631 1750 ejus
642 1661 823 1724 testamenti
850 1661 899 1741 ¹⁰)
921 1661 1046 1724 initium
1069 1660 1209 1740 exhibet,
1230 1676 1293 1744 quo
1312 1651 1361 1750 db

336 1788 411 1844 ente
431 1773 575 1862 pluribus
593 1770 725 1851 egimus.
767 1766 913 1834 Breviter
932 1769 1029 1832 etiarn
1048 1766 1088 1829 de
1107 1765 1219 1834 habitu
1236 1781 1269 1834 et
1287 1769 1355 1836 eul-

217 1957 220 1970 ,
334 1897 369 1951 tu
392 1880 511 1948 Tiberii
523 1875 662 1958 Augusti
679 1875 713 1936 in
734 1873 857 1938 Senatu
876 1873 1012 1938 babitus.
1026 1873 1182 1938 orationis
1199 1877 1352 1956 mesninit,

334 2013 431 2079 quam
450 1961 560 2051 laudat
579 1981 688 2045 itidenr'
708 1981 839 2044 Tacitus
865 1981 926 2064 ¹¹).
980 1979 1065 2047 Tum
1087 1995 1198 2048 auctor
1220 1985 1354 2050 atrorum

333 2103 373 2166 de
396 2095 517 2166 Tiberii
542 2102 643 2155 morto
668 2087 804 2172 855555,
834 2088 972 2156 Neronis
1000 2102 1198 2180 praeceptor,
1225 2093 1283 2158 sed
1307 2095 1354 2158 its

333 2213 476 2284 51155155,
502 2212 539 2267 ut
565 2220 630 2284 quo
657 2221 700 2264 ex
728 2199 808 2264 libro
831 2201 1048 2266 testimonium
1074 2199 1275 2290 desumptum
1299 2204 1353 2282 sit,

333 2319 488 2382 insertum
513 2310 608 2374 nobis
635 2319 764 2374 maneat
788 2304 853 2386 ¹⁸).
899 2307 1088 2374 Lactantius
1126 2331 1199 2374 cuns
1229 2310 1353 2388 donent,

333 2416 597 2512 quemadmodum
617 2417 741 2481 Seneoa
760 2415 925 2502 imperium
946 2416 1128 2484 Romanum
1145 2437 1205 2506 per
1230 2429 1352 2484 aetates

244 2571 247 2576 ·
334 2527 530 2598 distinxerit:
567 2524 681 2590 Justus
702 2525 834 2613 Lipsius
856 2545 930 2590 eum
949 2524 1114 2592 historiam
1135 2528 1352 2616 composuisse

333 2638 477 2726 eonjeoit.
520 2631 661 2720 Quodsi
682 2653 793 2700 verum
812 2647 907 2717 esset,
931 2656 1013 2723 quae
1032 2633 1205 2701 Suetonius
1224 2636 1352 2702 Seneca

403 2913 435 2984 ⁶)
455 2869 556 2971 Edicto
575 2913 652 2972 584
670 2911 761 2970 5110.
780 2941 815 2956 -
849 2915 910 2970 eod.
929 2931 953 2972 5.
970 2914 1009 2968 42
1027 2915 1124 2984 ibique
1139 2913 1206 2971 1155.
1222 2941 1257 2956 -
1276 2913 1304 2969 8.
1318 2915 1349 2969 c.

332 3009 394 3064 esp.
414 2994 452 3049 ts
476 3024 511 3038 -
531 3003 611 3052 ‘uota
630 3013 654 3052 5.
673 2995 710 3052 07
729 3023 761 3038 -
797 3003 909 3056 tostum.
927 3015 952 3055 5.
968 2995 1015 3054 70.
1296 3011 1299 3017 “

405 3096 435 3166 ⁶)
455 3095 531 3153 Suet.
548 3098 578 3149 in
595 3098 684 3167 Celig.
703 3114 763 3168 cap.
782 3101 826 3156 ln.

403 3197 435 3266 ⁷)
453 3215 513 3270 cap.
534 3199 572 3252 70
596 3195 660 3250 5511.
701 3211 761 3266 cap.
783 3197 828 3252 71.

402 3299 433 3368 ⁸)
452 3303 518 3368 Cap.
537 3298 565 3354 2.
583 3295 608 3353 3.
629 3295 700 3350 bd.
723 3295 767 3350 10.
786 3297 833 3352 21.
851 3297 964 3356 4545.
986 3299 1031 3358 51.
1051 3299 1158 3358 5251.
1177 3301 1224 3358 07.
1242 3299 1288 3354 73.
1310 3299 1348 3354 75

330 3395 389 3452 sqq.
410 3387 539 3434 auctores
556 3394 612 3434 non
629 3377 793 3432 nominatim
812 3377 904 3434 effert.
939 3380 1047 3437 Tiberii
1068 3397 1152 3436 voees
1177 3383 1264 3436 tradit
1286 3397 1348 3451 esp.

329 3461 377 3600 ζ.
400 3459 446 3516 25.
469 3462 516 3515 27.
537 3459 585 3518 28
609 3460 656 3518 20.
681 3458 728 3516 50.
753 3459 800 3516 51.
822 3460 868 3516 52.
893 3459 940 3518 53.
964 3460 1010 3515 57.
1034 3462 1080 3518 59.
1102 3460 1147 3516 51.
1166 3461 1211 3535 52.
1237 3465 1284 3520 70.
1313 3463 1349 3516 rt

401 3645 432 3714 s)
452 3661 512 3716 ⁰⁸1²·
528 3643 576 3700 21,
732 3643 783 3708 ¹⁰)
802 3660 866 3715 esp.
888 3643 936 3702 28.

401 3749 450 3819 ¹¹)
470 3749 548 3805 Suet.
566 3747 630 3805 Tib.
652 3761 713 3816 cap.
731 3743 778 3802 08.
811 3747 880 3804 Τ55.
899 3748 967 3804 Ans.
986 3747 1009 3812 1,
1027 3746 1047 3802 d
1063 3754 1093 3803 et
1111 3748 1150 3803 10
1162 3751 1236 3806 extu.¹

401 3851 453 3918 ¹²)
470 3867 532 3921 cop.
554 3847 608 3905 735
641 3849 743 3902 deseos
760 3863 818 3902 5555
836 3847 949 3903 scibit
972 3855 1034 3904 oete
1059 3851 1090 3904 15
1107 3837 1301 3919 1555555555.
1319 3853 1345 3906 7.

330 3925 376 3986 35,
393 3928 438 3984 52.
469 3927 623 4002 (1511553.
658 3933 727 3984 Tae.
745 3947 807 3986 nnn.
824 3929 886 3996 xit,
904 3933 922 3986 8
941 3939 970 3986 st
988 3934 1062 4000 xiii,
1076 3935 1096 3988 t
1112 3934 1206 4004 ibique
1222 3933 1345 4002 Lipsius.

328 4011 410 4066 Vasa
439 4011 473 4063 de
492 4011 521 4064 b.
542 4013 574 4064 L.
602 4029 630 4083 p.
648 4011 702 4068 128
724 4013 852 4068 Suetonii
870 4015 1033 4069 testimonia
1055 4031 1111 4070 non
1137 4019 1344 4070 eommemorst.

328 4093 493 4164 composuit
510 4092 616 4146 855555
634 4093 836 4162 desoriptionos
854 4097 1011 4164 regionum,
1025 4097 1131 4162 ludios,
1149 4097 1271 4166 Aegypto·
1291 4099 1344 4150 est.

326 4175 421 4230 Etiam
437 4173 472 4228 de
489 4173 577 4228 sacris
595 4173 796 4242 Aegyptiorum
813 4175 933 4244 scripsit.
