2962 5158
306 393 353 478 ,64
688 387 938 463 minumus.

209 563 213 577 “
310 565 407 634 otium
430 563 467 630 in
492 560 673 654 principatu
695 563 825 651 scripsit
853 559 1030 650 plurinum
1053 571 1088 628 et
1110 559 1241 630 auidae
1267 579 1335 648 per·

309 674 460 746 lectorem
476 671 629 745 recitavit.
669 670 722 740 De
750 671 813 738 hac
838 692 874 738 re
903 689 976 738 cum
992 674 1066 756 jam
1088 671 1192 760 primo
1222 670 1328 760 capite

309 784 502 864 dixerimus,
531 793 732 848 trameamus
767 781 809 848 ad
841 794 945 847 cetera
979 784 1051 864 ejus
1079 781 1216 869 scriptn3
1248 777 1330 844 illud

264 939 268 948 ι
309 915 410 960 unum
431 876 634 958 admonuisse
654 889 803 968 sufficiat,
827 891 933 977 ipsum
959 885 1184 976 Tranquillum
1209 887 1252 952 ad
1277 885 1330 952 hi-

308 1004 481 1070 storiarum
497 1002 568 1086 ejus
590 1000 808 1066 auctoritatem
824 1017 1010 1086 provocare,
1039 1009 1072 1066 et
1092 997 1200 1086 alique
1221 1017 1266 1063 ex
1289 996 1329 1063 iit

309 1115 428 1178 referre
452 1111 493 1190 ³).
547 1106 681 1194 Scripsit
711 1119 876 1194 praeterea
909 1106 1075 1172 Ciceronis
1110 1105 1331 1172 defensionem

311 1221 463 1286 adversus
484 1217 591 1284 Atinii
618 1213 839 1293 Galli'libros,
869 1226 906 1278 ut
932 1215 1140 1302 Tranquillus
1166 1215 1222 1294 uit,
1249 1212 1330 1278 satis

312 1327 476 1392 eruditam.
515 1323 721 1390 commentus
741 1333 791 1387 est
806 1321 907 1386 etiam
926 1333 992 1388 tres
1012 1323 1136 1390 litteras
1155 1343 1270 1401 novas,
1291 1321 1331 1386 de

311 1457 445 1522 quarum
460 1435 584 1500 ratione
599 1435 742 1524 privatus
760 1430 864 1496 adhuc
881 1430 1031 1496 volumen
1048 1431 1146 1513 edidit
1158 1431 1195 1510 ⁴).
1224 1429 1331 1494 Dein·

311 1545 350 1609 de
370 1543 546 1632 composuit
558 1541 700 1608 Graecas
717 1541 868 1606 historias
890 1537 1080 1624 Τυῤῥηνικῶν
1097 1540 1221 1623 viginti,
1239 1542 1332 1620 Korp-

288 1678 290 1686 '
310 1650 493 1738 χηδονιακῶν
514 1663 585 1717 octo
598 1649 644 1736 ό);
666 1663 734 1714 tum
750 1650 864 1714 librum
886 1647 925 1712 de
943 1659 1012 1712 arta
1032 1646 1122 1710 aleae
1137 1645 1178 1728 ⁶),
1200 1646 1333 1712 dicitur-

311 1784 374 1848 que
392 1761 500 1826 libello
520 1759 666 1844 quodam,
684 1755 771 1819 unde
792 1755 1001 1840 Tranquillus
1019 1775 1124 1842 pauca
1150 1755 1263 1833 reiert,
1292 1754 1332 1817 de

310 1870 498 1960 paedagogo
518 1888 578 1930 auo
597 1876 790 1946 conquestus
811 1883 882 1926 esse
898 1861 938 1940 ⁷).
981 1863 1233 1950 Disciplinarum
1251 1862 1331 1928 libe·

310 1979 436 2056 ralium,
459 1975 573 2062 quibus
595 1995 615 2036 a
638 1972 743 2060 prima
761 1981 866 2034 aetate
894 1987 962 2032 non
987 1969 1180 2048 mediocrem
1201 1991 1331 2058 operam
1386 1977 1387 1980 ’

311 2083 405 2168 dedit,
426 2082 644 2177 experimenta
663 2101 761 2168 saepe
777 2077 950 2166 publicavit
974 2075 1015 2158 8).
1066 2078 1165 2164 Quod
1190 2077 1232 2143 ed
1259 2083 1330 2162 ejus

311 2183 471 2262 orationes
490 2192 637 2282 pertinet,
668 2201 758 2254 extat
778 2191 991 2274 fragmentum
1012 2187 1053 2254 ad
1079 2187 1244 2254 historiam
1268 2189 1331 2253 uti-
1386 2239 1387 2268 3

310 2299 468 2370 dissimum
488 2289 641 2366 orationis
662 2298 702 2361 de
722 2303 798 2383 jure
826 2297 994 2364 Gallorum
1022 2297 1059 2361 in
1086 2299 1164 2362 urbe
1188 2297 1332 2364 honores
1386 2277 1387 2336 3

310 2403 516 2496 adipiscendi,
534 2407 620 2471 unde
640 2417 748 2472 tamen
768 2406 811 2470 ad
831 2405 980 2472 Suetonii
998 2427 1091 2472 usum
1116 2426 1184 2471 non
1204 2407 1331 2474 videtur

310 2519 433 2584 tructus
453 2515 633 2584 redundare
649 2515 793 2604 potuisse
819 2513 858 2597 ⁹).
903 2517 1135 2583 Verumtamen
1155 2511 1236 2582 alies
1257 2517 1332 2582 citat

311 2907 475 2973 referendus
494 2905 547 2972 sit3
566 2901 677 2958 anselm
695 2915 844 2956 consuesse
861 2899 932 2954 elios
951 2898 1085 2956 intortus
1103 2899 1249 2956 conicere
1267 2919 1331 2958 con·

311 2997 378 3053 atat,
396 2995 426 3042 et
439 2993 545 3050 contra,
565 2991 597 3039 ut
615 2985 813 3056 inscriptiones
829 2983 963 3038 librorum
986 2983 1022 3038 ed
1039 2983 1176 3052 ejusmodi
1192 2983 1272 3038 litem
1291 2984 1331 3036 di·

310 3070 464 3126 rimendam
481 3067 550 3119 nihil
565 3067 659 3121 lacere
677 3071 820 3136 appareat.
853 3063 946 3120 Locus
963 3065 1104 3120 Plinienus
1122 3065 1194 3130 Vlll,
1212 3061 1229 3120 3
1249 3065 1330 3120 aaa·

312 3153 374 3208 ilios
392 3150 494 3204 Caesar
514 3145 608 3198 seritis
623 3154 677 3201 eet,
701 3149 812 3201 videtur
830 3150 970 3216 pertinere
987 3149 1023 3202 nd
1041 3147 1182 3203 historias.

383 3251 415 3320 8)
441 3253 506 3318 cap.
529 3243 576 3300 21.
1078 3277 1080 3284 ι

384 3351 413 3420 ⁴)
434 3350 511 3404 Suet.
531 3347 627 3404 claud.
646 3361 705 3418 esp.
720 3343 765 3403 dl.
800 3348 868 3402 Tne.
885 3350 936 3402 An.
960 3347 1008 3412 xl,
1029 3347 1065 3402 13
1083 3355 1113 3401 et
1131 3347 1188 3434 142

382 3449 413 3524 Β)
440 3451 525 3506 Plura
544 3449 616 3520 apud
636 3449 711 3504 Suet.
735 3450 764 3504 in
782 3448 877 3504 claud.
900 3465 924 3506 o.
941 3449 987 3504 42.
1021 3449 1202 3504 Etruscorum
1225 3451 1331 3508 annali·

311 3536 374 3601 bue,
390 3549 459 3605 quos
475 3533 554 3586 novit
570 3531 654 3586 etiam
671 3529 770 3596 Varro,
788 3529 932 3584 claudium
948 3533 978 3584 in
994 3533 1195 3588 conscribenda
1207 3535 1329 3605 Tyrrhe·

311 3635 369 3772 {dg
376 3615 597 3754 hiddoridd.u1⁵.um
625 3613 687 3670 ese‘e
709 3613 877 3669 Niebuhriun
900 3621 996 3670 censet
1022 3615 1097 3670 lllst.
1120 3615 1199 3671 Rom.
1229 3614 1330 3671 tcml

383 3795 554 3871 mespili.
619 3855 625 3865 ,
707 3793 735 3861 ⁷)
758 3807 820 3865 cap.
839 3797 866 3852 2.

384 3899 416 3971 ο)
438 3918 501 3973 cap.
521 3898 539 3956 ³
556 3899 617 3954 init.
650 3873 729 3968 Apud
755 3895 869 3952 Suidnm
891 3895 945 3953 hoe
968 3904 1075 3954 tantum
1095 3899 1212 3954 invenir—
1236 3895 1327 3954 xero

257 3991 262 4018 ¹
311 3977 423 4054 παιδείᾳ
439 3977 546 4052 ἤσκητο,
565 3967 632 4036 dote
651 3976 699 4034 nol
710 3975 871 4054 συγγράψαι
885 3974 956 4036 rod.

310 4137 314 4145 ,
383 4079 415 4152 ⁹)
434 4081 554 4161 Legitur
568 4081 754 4158 fragmentum
771 4081 847 4154 apud
863 4081 991 4155 Lipsius
1012 4081 1049 4140 ad
1067 4083 1136 4142 Tse.
1153 4083 1221 4140 dnn·
1245 4080 1267 4136 1.
1287 4077 1326 4136 xl

205 4153 210 4162 ’
313 4179 375 4240 esp.
390 4161 444 4230 ‚24
