2962 5158
481 547 514 630 χ
542 539 762 627 rrnnsrus
1047 615 1048 623 .
1118 541 1165 612 rr

168 707 171 714 '
232 705 380 776 audenus
396 707 467 799 ipse
488 710 745 776 commentarium
763 707 804 774 de
824 693 969 776 vtu'suc
982 711 1163 776 summatim

146 815 345 901 breviterque
367 801 545 905 composuit
567 817 610 895 ¹).
658 817 812 884 Adhibuit
840 836 914 882 eum
942 815 1162 912 Tranquillus,

141 923 204 990 sed
223 945 285 1009 quo
304 925 376 991 loeo
393 927 546 1006 nummus,
559 927 703 990 reserens
720 926 760 989 de
775 923 888 1010 sejani
906 925 1046 1004 interitu,
1065 925 1164 992 iidem

146 1033 176 1097 ei
191 1035 345 1118 abrogat,
371 1034 473 1100 males
500 1033 655 1124 principis
682 1045 767 1100 artes
793 1035 934 1098 veriores
958 1035 1006 1098 rei
1031 1053 1164 1100 caussas

145 1141 334 1206 existimaus
359 1139 399 1227 ⁸).
444 1141 509 1208 Sed
528 1143 665 1210 dubitari
685 1144 804 1226 nequit,
826 1143 903 1230 quin
922 1139 1016 1230 plura
1037 1165 1080 1208 ex
1101 1144 1163 1208 isto

146 1250 374 1314 commentario
400 1250 557 1334 hauserit3
591 1252 665 1316 licet
696 1251 782 1314 enirn
808 1250 988 1314 summatim
1014 1252 1163 1315 breviter·

146 1377 208 1440 qne
231 1359 422 1446 compositus
443 1361 547 1440 fuerit,
569 1355 778 1442 Tranquhus
798 1358 874 1423 item
904 1358 944 1440 d'e
965 1357 1106 1441 Tiberio,
1128 1369 1165 1423 ut

145 1463 391 1545 suleu'breviter
417 1479 449 1531 et
469 1467 659 1532 summatim
675 1467 812 1554 scripsit
862 1465 989 1533 Deinde
1012 1477 1166 1555 provocat

146 1570 328 1638 ad·.'l'iberii
348 1575 511 1662 epistolas,
528 1574 615 1638 unde
635 1574 794 1638 interdum
813 1574 920 1662 aliqua
937 1573 1165 1662 transscripsit.

145 1677 363 1744 Nominantur
394 1691 501 1741 autem
530 1681 683 1764 epistolae
722 1681 764 1742 ad
793 1679 900 1763 Reges
933 1702 972 1746 ac
998 1683 1177 1764 Dynastas

146 1805 218 1874 cap.
231 1785 290 1860 26;
308 1785 357 1849 ad
379 1783 546 1848 Praesides
569 1806 639 1872 cap.
652 1787 712 1860 32;
732 1784 773 1848 ad
795 1783 949 1850 Senatum
971 1808 1041 1874 cap.
1056 1785 1095 1851 65
1116 1783 1167 1868 8);

146 1895 190 1960 sd
207 1893 289 1958 aiios
310 1913 381 1982 cap.
400 1891 453 1972 50,
482 1888 524 1956 54
541 1903 572 1956 et
590 1911 662 1979 cap.
682 1890 733 1972 67,
755 1893 811 1957 uhi
828 1913 940 1958 versus
963 1915 1083 1980 paucos
1101 1905 1166 1958 ret-

146 2001 329 2088 tulit‚,quae
353 1999 466 2064 eadem
485 2002 552 2064 sere
572 1999 723 2084 leguntur
743 2003 838 2066 etiam
857 1999 943 2086 apud
961 1999 1109 2074 Tacitum
1130 2003 1168 2066 in

146 2107 268 2174 Annal.
289 2109 311 2171 l.
329 2107 376 2172 VI
395 2128 465 2194 cap.
486 2108 516 2172 6.
562 2107 626 2173 Sed
649 2127 719 2196 cap.
741 2108 782 2172 66
801 2109 957 2172 Artabani
976 2107 1168 2176 Parthorum

146 2219 234 2303 regis
255 2217 296 2280 ad
316 2213 481 2280 Tiberium
500 2216 624 2280 litterae
644 2228 939 2298 commemorantur,
961 2237 1041 2300 quas
1058 2229 1168 2282 tamen

123 2355 131 2368 ..
147 2337 293 2390 nostruin
312 2324 432 2409 legisse
453 2322 604 2388 contendi
624 2325 750 2412 nequit3
779 2345 841 2390 nec
868 2345 947 2390 sane
973 2323 1106 2387 multum
1125 2324 1168 2390 ad
1248 2365 1253 2374 -
1369 2327 1374 2336 ’
1467 2373 1472 2380 .

147 2453 217 2500 rem
248 2433 333 2496 iacit.
390 2431 465 2496 Pari
494 2427 589 2495 r'nodo
616 2432 712 2496 etiarn
742 2453 787 2494 ex
823 2429 1018 2496 craticnibus
1036 2427 1169 2497 Tiberii

148 2539 308 2607 nonnulla
327 2541 497 2636 memoriae
516 2539 642 2628 prodita
661 2540 842 2618 invenimus
865 2537 909 2620 ⁴).
947 2513 1168 2606 Memorantur

148 2685 350 2702 m

218 2768 251 2837 ¹)
271 2733 349 2824 aude.
368 2769 464 2824 Tibur.
486 2784 510 2823 ο.
528 2766 583 2836 a1;
607 2767 817 2825 nantuato.
858 2766 935 2822 utha
952 2766 1039 2822 hauet
1056 2765 1166 2824 surra.

219 2869 253 2939 ²)
269 2872 374 2926 'Tiben
394 2887 418 2926 c.
434 2868 484 2923 61:
518 2869 582 2924 Etsi
599 2868 788 2924 commentario
804 2896 839 2910 -
857 2884 964 2924 autur
980 2877 1031 2921 est
1045 2869 1169 2934 scribere,

150 2948 282 3018 dejectum
306 2968 334 3004 ae
358 2950 482 3017 muare,
505 2954 576 3022 quad
605 2950 786 3018 comperisset,
808 2949 908 3018 (urere
926 2949 1053 3002 denaus
1074 2948 1169 3001 liberer

152 3031 310 3090 Germanici
320 3031 381 3102 fitis·
396 3031 447 3086 sui.
481 3033 567 3088 Paulo
588 3040 653 3087 ante
673 3032 837 3088 Suetonius:
871 3027 939 3082 Post
954 3027 1032 3095 eujus
1050 3028 1169 3098 (Sejani)

149 3113 286 3166 interitum
303 3115 346 3166 cei
361 3112 530 3166 saeuissimus
547 3114 651 3166 extitit.-
671 3131 722 3182 pua
740 3111 1010 3180 maxineappcruit,
1035 3127 1089 3164 non
1114 3119 1172 3168 tam

150 3195 236 3260 ipsum
253 3193 286 3246 ab
303 3191 404 3259 Sejam
422 3194 554 3247 ecueitan'
572 3195 687 3257 solitum,
707 3209 787 3262 quem
811 3189 941 3260 Sejauum
964 3191 1103 3270 quaerenti
1127 3206 1173 3244 er·

150 3276 271 3330 rancura
289 3273 525 3328 subministrasse(
547 3275 607 3329 Nec
624 3275 707 3328 aliter
725 3274 824 3327 statuit
841 3275 967 3329 Tacitus.
1006 3273 1100 3326 Etiam
1116 3273 1170 3326 Au·

149 3364 243 3427 gusto,
269 3363 301 3409 ut
317 3355 445 3420 vidimus,
467 3355 549 3410 fidem
572 3356 838 3424 semel'derogarit,
863 3369 1028 3426 quamquam
1051 3369 1106 3407 non
1128 3352 1172 3407 ita

151 3439 267 3494 acerbe:
306 3443 366 3492 tum
387 3439 472 3492 etiarn
493 3438 635 3506 caligulae
656 3437 693 3491 cf.
720 3453 785 3506 pag.
803 3434 840 3490 58
858 3444 888 3490 et
904 3439 952 3490 62.

222 3539 250 3604 3)
278 3539 354 3594 Suet.
374 3539 391 3592 l.
410 3539 428 3595 1.
447 3567 482 3578 -·
499 3539 657 3593 criminatur
675 3547 715 3592 eat
728 3539 853 3603 pudenda
875 3538 1079 3607 miserandaque
1098 3549 1172 3590 ora·

151 3619 342 3674 tiones-eum
358 3624 429 3673 tuter
445 3621 501 3674 alia
518 3621 551 3675 P.
568 3621 597 3674 C.
614 3613 773 3690 precaretur
792 3636 852 3690 sqq.
887 3621 1022 3674 Nimirum
1041 3617 1173 3686 principia

152 3703 188 3754 ad
215 3709 340 3755 senatum
363 3703 511 3770 epistolam
535 3702 662 3756 historici
685 3718 769 3770 saepe
795 3697 898 3772 uocant
921 3701 1085 3753 orationem.
1129 3697 1174 3750 De

153 3775 249 3836 eadem
268 3783 427 3837 iuvenalis:
455 3785 564 3838 verbera
582 3793 607 3836 ct
622 3783 738 3855 grandis
761 3780 882 3846 epistota.
918 3779 991 3832 nio:
1013 3775 1031 3845 ἦ
1048 3770 1173 3847 ἐπιστολὴ

151 3889 187 3902 --
205 3850 239 3930 ἦν
255 3860 284 3915 δὲ
302 3861 406 3932 μακροί.
443 3866 485 3920 Cf.
505 3865 622 3920 casaub.
791 3867 796 3873 “

227 3963 257 4028 ⁴)
278 3965 366 4016 Oratt.
385 3965 415 4016 in
433 3967 496 4019 Tib.
516 3969 543 4021 8.
564 3967 612 4020 61.
647 3963 703 4018 Sed
725 3979 787 4032 cap.
805 3960 844 4014 28
867 3967 897 4014 et
920 3961 958 4013 2⁹
986 3959 1051 4012 inde
1082 3957 1176 4030 aliqua

153 4045 422 4118 accuratelrettulit.
454 4049 522 4118 cap.
543 4050 593 4101 ⁷0:
618 4043 655 4098 In
672 4041 913 4099 archembaude
932 4049 1036 4095 secutur
1056 4047 1096 4094 est
1111 4037 1176 4092 Cor·

152 4126 244 4180 uuum
261 4121 435 4180 Messanam.
450 4135 503 4184 cet.
550 4127 592 4184 ci.
611 4129 680 4197 Aug.
706 4141 731 4179 e.
748 4123 796 4179 80.
850 4123 959 4180 Narem
982 4137 1070 4178 aucus
1093 4126 1176 4174 natus

153 4207 284 4344 {iberiprs
301 4204 461 4263 defunctum
480 4214 587 4280 patrem
604 4224 655 4278 pru
674 4207 776 4262 rustris
793 4206 923 4262 laudasse
940 4203 1044 4259 dicitur
1059 4203 1089 4256 iu
1108 4201 1173 4256 Tib.

171 4305 206 4360 ³1)
904 4379 973 4445 Di
