<?xml version="1.0" encoding="UTF-8"?>
<!DOCTYPE html PUBLIC "-//W3C//DTD XHTML 1.0 Transitional//EN"
    "http://www.w3.org/TR/xhtml1/DTD/xhtml1-transitional.dtd">
<html xmlns="http://www.w3.org/1999/xhtml" xml:lang="en" lang="en">
 <head>
  <title>
</title>
<meta http-equiv="Content-Type" content="text/html;charset=utf-8" />
  <meta name='ocr-system' content='tesseract 3.04.00' />
  <meta name='ocr-capabilities' content='ocr_page ocr_carea ocr_par ocr_line ocrx_word'/>
</head>
<body>
  <div class='ocr_page' id='page_1' title='image "./decsuetoniitran00kraugoog_0091.png"; bbox 0 0 2962 5158; ppageno 0'>
   <div class='ocr_carea' id='block_1_1' title="bbox 303 324 926 458">
    <p class='ocr_par' dir='ltr' id='par_1_1' title="bbox 303 324 926 458">
     <span class='ocr_line' id='line_1_1' title="bbox 303 324 926 458; baseline -0.008 -1"><span class='ocrx_word' id='word_1_1' title='bbox 303 391 345 458; x_wconf 74' lang='grc'><strong>82</strong></span> <span class='ocrx_word' id='word_1_2' title='bbox 637 324 639 333; x_wconf 33' lang='grc' dir='ltr'>Ι</span> <span class='ocrx_word' id='word_1_3' title='bbox 686 374 926 452; x_wconf 79' lang='lat' dir='ltr'><strong>El’lLOGUS</strong></span> 
     </span>
    </p>
   </div>
   <div class='ocr_carea' id='block_1_2' title="bbox 175 535 1442 4216">
    <p class='ocr_par' dir='ltr' id='par_1_2' title="bbox 175 535 1442 4216">
     <span class='ocr_line' id='line_1_2' title="bbox 302 535 1442 656; baseline -0.011 -28"><span class='ocrx_word' id='word_1_4' title='bbox 302 571 408 628; x_wconf 77' lang='lat' dir='ltr'><strong>tanin</strong></span> <span class='ocrx_word' id='word_1_5' title='bbox 425 555 550 656; x_wconf 77' lang='lat' dir='ltr'><strong>copiam</strong></span> <span class='ocrx_word' id='word_1_6' title='bbox 570 553 733 620; x_wconf 75' lang='lat' dir='ltr'><strong>deomant</strong></span> <span class='ocrx_word' id='word_1_7' title='bbox 757 553 885 620; x_wconf 87' lang='lat' dir='ltr'><strong>abunde</strong></span> <span class='ocrx_word' id='word_1_8' title='bbox 904 551 984 633; x_wconf 87' lang='lat' dir='ltr'><strong>loci,</strong></span> <span class='ocrx_word' id='word_1_9' title='bbox 1010 553 1068 618; x_wconf 85' lang='lat' dir='ltr'><strong>ubi</strong></span> <span class='ocrx_word' id='word_1_10' title='bbox 1091 549 1135 616; x_wconf 90' lang='lat' dir='ltr'><strong>de</strong></span> <span class='ocrx_word' id='word_1_11' title='bbox 1166 549 1374 637; x_wconf 75' lang='lat' dir='ltr'><strong>diligentis</strong></span> <span class='ocrx_word' id='word_1_12' title='bbox 1441 535 1442 616; x_wconf 81' lang='lat' dir='ltr'><strong>l</strong></span> 
     </span>
     <span class='ocr_line' id='line_1_3' title="bbox 302 644 1373 756; baseline -0.007 -24"><span class='ocrx_word' id='word_1_13' title='bbox 302 669 372 756; x_wconf 77' lang='lat' dir='ltr'><strong>ipse</strong></span> <span class='ocrx_word' id='word_1_14' title='bbox 393 644 519 745; x_wconf 80' lang='lat' dir='ltr'><strong>latetur,</strong></span> <span class='ocrx_word' id='word_1_15' title='bbox 546 673 578 728; x_wconf 89' lang='lat' dir='ltr'><strong>et</strong></span> <span class='ocrx_word' id='word_1_16' title='bbox 606 662 748 730; x_wconf 83' lang='lat' dir='ltr'><strong>diversas</strong></span> <span class='ocrx_word' id='word_1_17' title='bbox 775 665 978 731; x_wconf 75' lang='lat' dir='ltr'><strong>auctoritates</strong></span> <span class='ocrx_word' id='word_1_18' title='bbox 1005 661 1059 726; x_wconf 87' lang='lat' dir='ltr'><strong>vel</strong></span> <span class='ocrx_word' id='word_1_19' title='bbox 1089 659 1278 746; x_wconf 84' lang='lat' dir='ltr'><strong>dijudicat</strong></span> <span class='ocrx_word' id='word_1_20' title='bbox 1308 653 1373 726; x_wconf 65' lang='grc' dir='ltr'><strong>ἰιι</strong></span> 
     </span>
     <span class='ocr_line' id='line_1_4' title="bbox 304 769 1372 858; baseline -0.007 -17"><span class='ocrx_word' id='word_1_21' title='bbox 304 788 341 842; x_wconf 91' lang='grc' dir='ltr'><strong>ιιι</strong></span> <span class='ocrx_word' id='word_1_22' title='bbox 366 775 506 840; x_wconf 78' lang='lat' dir='ltr'><strong>moena</strong></span> <span class='ocrx_word' id='word_1_23' title='bbox 529 772 691 858; x_wconf 84' lang='lat' dir='ltr'><strong>relinquit.</strong></span> <span class='ocrx_word' id='word_1_24' title='bbox 736 771 863 840; x_wconf 80' lang='lat' dir='ltr'><strong>Deinde</strong></span> <span class='ocrx_word' id='word_1_25' title='bbox 889 769 1072 856; x_wconf 75' lang='lat' dir='ltr'>Tranquilli</span> <span class='ocrx_word' id='word_1_26' title='bbox 1102 771 1372 835; x_wconf 86' lang='lat' dir='ltr'><strong>auctoritatem</strong></span> 
     </span>
     <span class='ocr_line' id='line_1_5' title="bbox 303 877 1369 971; baseline -0.004 -21"><span class='ocrx_word' id='word_1_27' title='bbox 303 883 462 969; x_wconf 76' lang='lat' dir='ltr'><strong>infringit,</strong></span> <span class='ocrx_word' id='word_1_28' title='bbox 488 881 573 971; x_wconf 83' lang='lat' dir='ltr'><strong>quod</strong></span> <span class='ocrx_word' id='word_1_29' title='bbox 600 882 709 968; x_wconf 86' lang='lat' dir='ltr'><strong>eliqua</strong></span> <span class='ocrx_word' id='word_1_30' title='bbox 736 901 805 948; x_wconf 89' lang='lat' dir='ltr'><strong>non</strong></span> <span class='ocrx_word' id='word_1_31' title='bbox 828 883 912 948; x_wconf 87' lang='lat' dir='ltr'><strong>lecte</strong></span> <span class='ocrx_word' id='word_1_32' title='bbox 937 881 995 948; x_wconf 85' lang='lat' dir='ltr'><strong>aed</strong></span> <span class='ocrx_word' id='word_1_33' title='bbox 1022 880 1132 946; x_wconf 88' lang='lat' dir='ltr'><strong>audita</strong></span> <span class='ocrx_word' id='word_1_34' title='bbox 1163 877 1369 946; x_wconf 65' lang='lat' dir='ltr'><strong>rettuleritt</strong></span> 
     </span>
     <span class='ocr_line' id='line_1_6' title="bbox 175 987 1442 1078; baseline -0.008 -19"><span class='ocrx_word' id='word_1_35' title='bbox 175 1029 181 1040; x_wconf 92' lang='lat'>·</span> <span class='ocrx_word' id='word_1_36' title='bbox 305 991 395 1078; x_wconf 85' lang='lat' dir='ltr'><strong>Quid</strong></span> <span class='ocrx_word' id='word_1_37' title='bbox 414 991 537 1056; x_wconf 84' lang='lat' dir='ltr'><strong>multni</strong></span> <span class='ocrx_word' id='word_1_38' title='bbox 577 991 854 1058; x_wconf 64' lang='lat' dir='ltr'><strong>demonstrationis</strong></span> <span class='ocrx_word' id='word_1_39' title='bbox 874 993 1029 1059; x_wconf 85' lang='lat' dir='ltr'><strong>rationem</strong></span> <span class='ocrx_word' id='word_1_40' title='bbox 1049 991 1148 1058; x_wconf 83' lang='lat' dir='ltr'><strong>etiam</strong></span> <span class='ocrx_word' id='word_1_41' title='bbox 1173 987 1371 1074; x_wconf 84' lang='lat' dir='ltr'><strong>Telegen-</strong></span> <span class='ocrx_word' id='word_1_42' title='bbox 1441 1009 1442 1012; x_wconf 42' lang='lat'>¹</span> 
     </span>
     <span class='ocr_line' id='line_1_7' title="bbox 304 1093 1376 1187; baseline -0.006 -19"><span class='ocrx_word' id='word_1_43' title='bbox 304 1102 354 1168; x_wconf 81' lang='lat' dir='ltr'><strong>nti</strong></span> <span class='ocrx_word' id='word_1_44' title='bbox 381 1101 570 1187; x_wconf 75' lang='lat' dir='ltr'><strong>intelligent.</strong></span> <span class='ocrx_word' id='word_1_45' title='bbox 623 1099 773 1168; x_wconf 74' lang='lat' dir='ltr'><strong>secondo</strong></span> <span class='ocrx_word' id='word_1_46' title='bbox 798 1102 870 1166; x_wconf 89' lang='lat' dir='ltr'><strong>loeo</strong></span> <span class='ocrx_word' id='word_1_47' title='bbox 897 1099 956 1168; x_wconf 81' lang='lat' dir='ltr'><strong>NE</strong></span> <span class='ocrx_word' id='word_1_48' title='bbox 985 1096 1221 1165; x_wconf 82' lang='lat' dir='ltr'>POTUISSE</span> <span class='ocrx_word' id='word_1_49' title='bbox 1256 1093 1376 1174; x_wconf 78' lang='lat' dir='ltr'>QUL·</span> 
     </span>
     <span class='ocr_line' id='line_1_8' title="bbox 304 1206 1442 1297; baseline -0.007 -20"><span class='ocrx_word' id='word_1_50' title='bbox 304 1209 406 1278; x_wconf 87' lang='lat' dir='ltr'><strong>DEM</strong></span> <span class='ocrx_word' id='word_1_51' title='bbox 426 1210 610 1276; x_wconf 78' lang='lat' dir='ltr'><strong>Stratmdum</strong></span> <span class='ocrx_word' id='word_1_52' title='bbox 628 1229 681 1277; x_wconf 83' lang='lat' dir='ltr'><strong>res</strong></span> <span class='ocrx_word' id='word_1_53' title='bbox 700 1221 807 1297; x_wconf 78' lang='lat' dir='ltr'><strong>gestas</strong></span> <span class='ocrx_word' id='word_1_54' title='bbox 829 1229 904 1276; x_wconf 87' lang='lat' dir='ltr'><strong>vere</strong></span> <span class='ocrx_word' id='word_1_55' title='bbox 923 1225 1067 1289; x_wconf 75' lang='lat' dir='ltr'><strong>narnate,</strong></span> <span class='ocrx_word' id='word_1_56' title='bbox 1091 1209 1217 1274; x_wconf 85' lang='lat' dir='ltr'><strong>nititur</strong></span> <span class='ocrx_word' id='word_1_57' title='bbox 1241 1206 1367 1296; x_wconf 80' lang='lat' dir='ltr'><strong>potis-</strong></span> <span class='ocrx_word' id='word_1_58' title='bbox 1441 1213 1442 1240; x_wconf 73' lang='lat'>³</span> 
     </span>
     <span class='ocr_line' id='line_1_9' title="bbox 306 1297 1364 1401; baseline -0.014 -11"><span class='ocrx_word' id='word_1_59' title='bbox 306 1317 557 1390; x_wconf 71' lang='lat' dir='ltr'><strong>dormitione</strong></span> <span class='ocrx_word' id='word_1_60' title='bbox 579 1317 685 1384; x_wconf 84' lang='lat' dir='ltr'><strong>Cassii</strong></span> <span class='ocrx_word' id='word_1_61' title='bbox 710 1319 903 1401; x_wconf 75' lang='lat' dir='ltr'><strong>testimonio,</strong></span> <span class='ocrx_word' id='word_1_62' title='bbox 930 1317 1031 1384; x_wconf 86' lang='lat' dir='ltr'><strong>multa</strong></span> <span class='ocrx_word' id='word_1_63' title='bbox 1056 1317 1204 1384; x_wconf 84' lang='lat' dir='ltr'><strong>conficta</strong></span> <span class='ocrx_word' id='word_1_64' title='bbox 1242 1297 1364 1380; x_wconf 74' lang='lat' dir='ltr'><strong>divul-</strong></span> 
     </span>
     <span class='ocr_line' id='line_1_10' title="bbox 306 1425 1442 1516; baseline -0.006 -22"><span class='ocrx_word' id='word_1_65' title='bbox 306 1431 387 1516; x_wconf 77' lang='lat' dir='ltr'><strong>gari,</strong></span> <span class='ocrx_word' id='word_1_66' title='bbox 417 1429 491 1507; x_wconf 88' lang='lat' dir='ltr'><strong>alia,</strong></span> <span class='ocrx_word' id='word_1_67' title='bbox 518 1447 602 1512; x_wconf 81' lang='lat' dir='ltr'><strong>qnae</strong></span> <span class='ocrx_word' id='word_1_68' title='bbox 628 1447 705 1494; x_wconf 82' lang='lat' dir='ltr'><strong>vere</strong></span> <span class='ocrx_word' id='word_1_69' title='bbox 731 1441 803 1494; x_wconf 89' lang='lat' dir='ltr'><strong>acta</strong></span> <span class='ocrx_word' id='word_1_70' title='bbox 831 1437 955 1508; x_wconf 81' lang='lat' dir='ltr'><strong>essent,</strong></span> <span class='ocrx_word' id='word_1_71' title='bbox 980 1429 1134 1514; x_wconf 85' lang='lat' dir='ltr'><strong>ignorari.</strong></span> <span class='ocrx_word' id='word_1_72' title='bbox 1183 1425 1363 1490; x_wconf 83' lang='lat' dir='ltr'><strong>Judaeus</strong></span> <span class='ocrx_word' id='word_1_73' title='bbox 1441 1481 1442 1488; x_wconf 75' lang='grc'>,</span> 
     </span>
     <span class='ocr_line' id='line_1_11' title="bbox 305 1521 1442 1626; baseline -0.005 -22"><span class='ocrx_word' id='word_1_74' title='bbox 305 1537 424 1626; x_wconf 76' lang='lat' dir='ltr'><strong>Apella</strong></span> <span class='ocrx_word' id='word_1_75' title='bbox 455 1535 575 1604; x_wconf 79' lang='lat' dir='ltr'><strong>medat.</strong></span> <span class='ocrx_word' id='word_1_76' title='bbox 624 1533 770 1605; x_wconf 84' lang='lat' dir='ltr'><strong>Conatur</strong></span> <span class='ocrx_word' id='word_1_77' title='bbox 806 1540 901 1605; x_wconf 86' lang='lat' dir='ltr'><strong>etiarn</strong></span> <span class='ocrx_word' id='word_1_78' title='bbox 934 1549 1078 1604; x_wconf 88' lang='lat' dir='ltr'><strong>actorum</strong></span> <span class='ocrx_word' id='word_1_79' title='bbox 1108 1521 1363 1601; x_wconf 75' lang='lat' dir='ltr'><strong>auctoritatem</strong></span> <span class='ocrx_word' id='word_1_80' title='bbox 1441 1541 1442 1598; x_wconf 76' lang='lat' dir='ltr'><strong>i</strong></span> 
     </span>
     <span class='ocr_line' id='line_1_12' title="bbox 305 1647 1391 1732; baseline -0.009 -18"><span class='ocrx_word' id='word_1_81' title='bbox 305 1647 516 1714; x_wconf 74' lang='lat' dir='ltr'><strong>labefactare:</strong></span> <span class='ocrx_word' id='word_1_82' title='bbox 557 1667 622 1732; x_wconf 86' lang='lat' dir='ltr'><strong>qua</strong></span> <span class='ocrx_word' id='word_1_83' title='bbox 657 1649 693 1713; x_wconf 93' lang='lat' dir='ltr'><strong>in</strong></span> <span class='ocrx_word' id='word_1_84' title='bbox 720 1667 756 1712; x_wconf 91' lang='lat' dir='ltr'><strong>re</strong></span> <span class='ocrx_word' id='word_1_85' title='bbox 790 1647 1008 1714; x_wconf 83' lang='lat' dir='ltr'><strong>adversarium</strong></span> <span class='ocrx_word' id='word_1_86' title='bbox 1035 1650 1111 1731; x_wconf 83' lang='lat' dir='ltr'><strong>jure</strong></span> <span class='ocrx_word' id='word_1_87' title='bbox 1137 1657 1271 1710; x_wconf 85' lang='lat' dir='ltr'><strong>nactus</strong></span> <span class='ocrx_word' id='word_1_88' title='bbox 1305 1651 1391 1708; x_wconf 87' lang='lat' dir='ltr'><strong>est.</strong></span> 
     </span>
     <span class='ocr_line' id='line_1_13' title="bbox 306 1753 1442 1844; baseline -0.002 -22"><span class='ocrx_word' id='word_1_89' title='bbox 306 1755 493 1822; x_wconf 77' lang='lat' dir='ltr'><strong>Ernestlum</strong></span> <span class='ocrx_word' id='word_1_90' title='bbox 518 1755 555 1819; x_wconf 88' lang='grc' dir='ltr'><strong>ιιι</strong></span> <span class='ocrx_word' id='word_1_91' title='bbox 579 1757 715 1843; x_wconf 81' lang='lat' dir='ltr'><strong>praelat.</strong></span> <span class='ocrx_word' id='word_1_92' title='bbox 746 1757 788 1821; x_wconf 86' lang='lat' dir='ltr'><strong>ad</strong></span> <span class='ocrx_word' id='word_1_93' title='bbox 815 1757 904 1823; x_wconf 89' lang='lat' dir='ltr'><strong>Suet.</strong></span> <span class='ocrx_word' id='word_1_94' title='bbox 948 1754 1033 1820; x_wconf 84' lang='lat' dir='ltr'><strong>&#39;l&#39;um</strong></span> <span class='ocrx_word' id='word_1_95' title='bbox 1057 1757 1181 1844; x_wconf 81' lang='lat' dir='ltr'><strong>profert</strong></span> <span class='ocrx_word' id='word_1_96' title='bbox 1210 1753 1360 1844; x_wconf 82' lang='lat' dir='ltr'><strong>copiam</strong></span> <span class='ocrx_word' id='word_1_97' title='bbox 1441 1759 1442 1810; x_wconf 74' lang='lat' dir='ltr'><strong>l</strong></span> 
     </span>
     <span class='ocr_line' id='line_1_14' title="bbox 307 1861 1442 1952; baseline -0.008 -20"><span class='ocrx_word' id='word_1_98' title='bbox 307 1866 452 1932; x_wconf 88' lang='lat' dir='ltr'><strong>locorum</strong></span> <span class='ocrx_word' id='word_1_99' title='bbox 479 1861 621 1947; x_wconf 84' lang='lat' dir='ltr'><strong>undique</strong></span> <span class='ocrx_word' id='word_1_100' title='bbox 647 1865 851 1946; x_wconf 86' lang='lat' dir='ltr'><strong>haustorum,</strong></span> <span class='ocrx_word' id='word_1_101' title='bbox 884 1864 941 1947; x_wconf 86' lang='lat' dir='ltr'><strong>qui</strong></span> <span class='ocrx_word' id='word_1_102' title='bbox 979 1863 1031 1928; x_wconf 85' lang='lat' dir='ltr'><strong>vel</strong></span> <span class='ocrx_word' id='word_1_103' title='bbox 1067 1876 1226 1952; x_wconf 85' lang='lat' dir='ltr'><strong>pugnant</strong></span> <span class='ocrx_word' id='word_1_104' title='bbox 1258 1865 1358 1927; x_wconf 90' lang='lat' dir='ltr'><strong>inter</strong></span> <span class='ocrx_word' id='word_1_105' title='bbox 1441 1881 1442 1944; x_wconf 42' lang='grc' dir='ltr'><strong>ι</strong></span> 
     </span>
     <span class='ocr_line' id='line_1_15' title="bbox 307 1965 1356 2058; baseline -0.009 -19"><span class='ocrx_word' id='word_1_106' title='bbox 307 1994 391 2054; x_wconf 84' lang='lat' dir='ltr'><strong>sese,</strong></span> <span class='ocrx_word' id='word_1_107' title='bbox 427 1973 477 2036; x_wconf 85' lang='lat' dir='ltr'><strong>vel</strong></span> <span class='ocrx_word' id='word_1_108' title='bbox 504 1971 599 2034; x_wconf 90' lang='lat' dir='ltr'><strong>etiam</strong></span> <span class='ocrx_word' id='word_1_109' title='bbox 632 1971 824 2036; x_wconf 71' lang='lat' dir='ltr'><strong>diversitatis</strong></span> <span class='ocrx_word' id='word_1_110' title='bbox 850 1969 970 2032; x_wconf 88' lang='lat' dir='ltr'><strong>habent</strong></span> <span class='ocrx_word' id='word_1_111' title='bbox 998 1970 1147 2058; x_wconf 82' lang='lat' dir='ltr'><strong>speciem.</strong></span> <span class='ocrx_word' id='word_1_112' title='bbox 1197 1965 1246 2031; x_wconf 88' lang='lat' dir='ltr'><strong>In</strong></span> <span class='ocrx_word' id='word_1_113' title='bbox 1283 1985 1356 2051; x_wconf 89' lang='lat' dir='ltr'><strong>quo</strong></span> 
     </span>
     <span class='ocr_line' id='line_1_16' title="bbox 309 2073 1442 2162; baseline -0.002 -16"><span class='ocrx_word' id='word_1_114' title='bbox 309 2078 472 2146; x_wconf 83' lang='lat' dir='ltr'><strong>eontendlt</strong></span> <span class='ocrx_word' id='word_1_115' title='bbox 492 2075 626 2144; x_wconf 84' lang='lat' dir='ltr'><strong>Graecis</strong></span> <span class='ocrx_word' id='word_1_116' title='bbox 648 2077 832 2142; x_wconf 83' lang='lat' dir='ltr'><strong>auctoribus</strong></span> <span class='ocrx_word' id='word_1_117' title='bbox 859 2076 1021 2162; x_wconf 88' lang='lat' dir='ltr'><strong>aliquanto</strong></span> <span class='ocrx_word' id='word_1_118' title='bbox 1049 2080 1208 2162; x_wconf 85' lang='lat' dir='ltr'><strong>majorem</strong></span> <span class='ocrx_word' id='word_1_119' title='bbox 1242 2073 1355 2144; x_wconf 84' lang='lat' dir='ltr'><strong>fidem</strong></span> <span class='ocrx_word' id='word_1_120' title='bbox 1441 2073 1442 2140; x_wconf 64' lang='grc' dir='ltr'><strong>ἶ</strong></span> 
     </span>
     <span class='ocr_line' id='line_1_17' title="bbox 307 2183 1352 2274; baseline -0.003 -20"><span class='ocrx_word' id='word_1_121' title='bbox 307 2187 459 2270; x_wconf 87' lang='lat' dir='ltr'><strong>dandam,</strong></span> <span class='ocrx_word' id='word_1_122' title='bbox 480 2205 577 2274; x_wconf 84' lang='lat' dir='ltr'><strong>quam</strong></span> <span class='ocrx_word' id='word_1_123' title='bbox 594 2187 736 2253; x_wconf 86' lang='lat' dir='ltr'><strong>Latinis:</strong></span> <span class='ocrx_word' id='word_1_124' title='bbox 774 2203 852 2252; x_wconf 88' lang='lat' dir='ltr'><strong>nam</strong></span> <span class='ocrx_word' id='word_1_125' title='bbox 883 2184 993 2271; x_wconf 76' lang='lat' dir='ltr'><strong>GraJ&#39;is</strong></span> <span class='ocrx_word' id='word_1_126' title='bbox 1020 2185 1187 2272; x_wconf 77' lang='lat' dir='ltr'><strong>Ingenium</strong></span> <span class='ocrx_word' id='word_1_127' title='bbox 1223 2183 1352 2271; x_wconf 87' lang='lat' dir='ltr'><strong>Grajis</strong></span> 
     </span>
     <span class='ocr_line' id='line_1_18' title="bbox 310 2293 1349 2384; baseline -0.004 -21"><span class='ocrx_word' id='word_1_128' title='bbox 310 2297 399 2364; x_wconf 82' lang='lat' dir='ltr'><strong>dedit</strong></span> <span class='ocrx_word' id='word_1_129' title='bbox 426 2317 482 2362; x_wconf 90' lang='lat' dir='ltr'><strong>ore</strong></span> <span class='ocrx_word' id='word_1_130' title='bbox 510 2297 647 2361; x_wconf 84' lang='lat' dir='ltr'><strong>rotundo</strong></span> <span class='ocrx_word' id='word_1_131' title='bbox 670 2295 769 2360; x_wconf 85' lang='lat' dir='ltr'><strong>Musa</strong></span> <span class='ocrx_word' id='word_1_132' title='bbox 793 2295 890 2384; x_wconf 90' lang='lat' dir='ltr'><strong>loqui.</strong></span> <span class='ocrx_word' id='word_1_133' title='bbox 934 2293 1007 2361; x_wconf 85' lang='lat' dir='ltr'><strong>Neo</strong></span> <span class='ocrx_word' id='word_1_134' title='bbox 1033 2293 1137 2360; x_wconf 86' lang='lat' dir='ltr'><strong>solum</strong></span> <span class='ocrx_word' id='word_1_135' title='bbox 1162 2307 1349 2360; x_wconf 84' lang='lat' dir='ltr'><strong>contentus</strong></span> 
     </span>
     <span class='ocr_line' id='line_1_19' title="bbox 309 2403 1348 2492; baseline -0.007 -20"><span class='ocrx_word' id='word_1_136' title='bbox 309 2405 447 2492; x_wconf 81' lang='lat' dir='ltr'><strong>singulis</strong></span> <span class='ocrx_word' id='word_1_137' title='bbox 468 2407 503 2470; x_wconf 92' lang='lat' dir='ltr'><strong>in</strong></span> <span class='ocrx_word' id='word_1_138' title='bbox 525 2405 606 2469; x_wconf 87' lang='lat' dir='ltr'><strong>iocis</strong></span> <span class='ocrx_word' id='word_1_139' title='bbox 629 2403 827 2470; x_wconf 86' lang='lat' dir='ltr'><strong>Graecorum</strong></span> <span class='ocrx_word' id='word_1_140' title='bbox 852 2404 1035 2474; x_wconf 84' lang='lat' dir='ltr'><strong>testimonia</strong></span> <span class='ocrx_word' id='word_1_141' title='bbox 1056 2403 1202 2488; x_wconf 86' lang='lat' dir='ltr'><strong>Suetonii</strong></span> <span class='ocrx_word' id='word_1_142' title='bbox 1226 2417 1348 2471; x_wconf 84' lang='lat' dir='ltr'><strong>aucto.</strong></span> 
     </span>
     <span class='ocr_line' id='line_1_20' title="bbox 309 2507 1442 2599; baseline -0.003 -19"><span class='ocrx_word' id='word_1_143' title='bbox 309 2515 396 2582; x_wconf 88' lang='lat' dir='ltr'><strong>ritati</strong></span> <span class='ocrx_word' id='word_1_144' title='bbox 415 2513 647 2599; x_wconf 79' lang='lat' dir='ltr'><strong>anteposuisse,</strong></span> <span class='ocrx_word' id='word_1_145' title='bbox 673 2507 772 2580; x_wconf 81' lang='lat' dir='ltr'><strong>etiarn</strong></span> <span class='ocrx_word' id='word_1_146' title='bbox 790 2512 1009 2584; x_wconf 83' lang='lat' dir='ltr'><strong>Romanorum</strong></span> <span class='ocrx_word' id='word_1_147' title='bbox 1037 2512 1267 2582; x_wconf 86' lang='lat' dir='ltr'><strong>historicorum</strong></span> <span class='ocrx_word' id='word_1_148' title='bbox 1292 2517 1345 2578; x_wconf 88' lang='lat' dir='ltr'><strong>in·</strong></span> <span class='ocrx_word' id='word_1_149' title='bbox 1441 2573 1442 2588; x_wconf 65' lang='grc'>,</span> 
     </span>
     <span class='ocr_line' id='line_1_21' title="bbox 311 2607 1442 2710; baseline -0.002 -23"><span class='ocrx_word' id='word_1_150' title='bbox 311 2607 526 2692; x_wconf 69' lang='lat' dir='ltr'><strong>numerabiles</strong></span> <span class='ocrx_word' id='word_1_151' title='bbox 553 2620 642 2690; x_wconf 82' lang='lat' dir='ltr'><strong>leone</strong></span> <span class='ocrx_word' id='word_1_152' title='bbox 669 2636 781 2697; x_wconf 85' lang='lat' dir='ltr'><strong>contra</strong></span> <span class='ocrx_word' id='word_1_153' title='bbox 801 2621 985 2710; x_wconf 82' lang='lat' dir='ltr'><strong>Tranquilli</strong></span> <span class='ocrx_word' id='word_1_154' title='bbox 1007 2625 1225 2693; x_wconf 86' lang='lat' dir='ltr'><strong>narrationem</strong></span> <span class='ocrx_word' id='word_1_155' title='bbox 1248 2623 1345 2689; x_wconf 74' lang='lat' dir='ltr'><strong>colli.</strong></span> <span class='ocrx_word' id='word_1_156' title='bbox 1441 2651 1442 2666; x_wconf 53' lang='grc' dir='ltr'><strong>ι</strong></span> 
     </span>
     <span class='ocr_line' id='line_1_22' title="bbox 262 2732 1442 2822; baseline 0.001 -26"><span class='ocrx_word' id='word_1_157' title='bbox 262 2801 265 2810; x_wconf 56' lang='grc'>,</span> <span class='ocrx_word' id='word_1_158' title='bbox 312 2732 370 2818; x_wconf 81' lang='lat' dir='ltr'><strong>gn,</strong></span> <span class='ocrx_word' id='word_1_159' title='bbox 395 2751 530 2814; x_wconf 87' lang='lat' dir='ltr'><strong>eumque</strong></span> <span class='ocrx_word' id='word_1_160' title='bbox 551 2749 621 2798; x_wconf 88' lang='lat' dir='ltr'><strong>non</strong></span> <span class='ocrx_word' id='word_1_161' title='bbox 649 2732 831 2822; x_wconf 79' lang='lat' dir='ltr'><strong>ponderatis</strong></span> <span class='ocrx_word' id='word_1_162' title='bbox 857 2749 969 2798; x_wconf 85' lang='lat' dir='ltr'><strong>severe</strong></span> <span class='ocrx_word' id='word_1_163' title='bbox 997 2733 1184 2803; x_wconf 86' lang='lat' dir='ltr'><strong>testimoniis</strong></span> <span class='ocrx_word' id='word_1_164' title='bbox 1216 2734 1344 2800; x_wconf 60' lang='lat' dir='ltr'><strong>conde,</strong></span> <span class='ocrx_word' id='word_1_165' title='bbox 1441 2739 1442 2762; x_wconf 72' lang='lat'><em>²</em></span> 
     </span>
     <span class='ocr_line' id='line_1_23' title="bbox 311 2839 1442 2946; baseline 0.002 -42"><span class='ocrx_word' id='word_1_166' title='bbox 311 2851 412 2916; x_wconf 74' lang='lat' dir='ltr'><strong>mont.</strong></span> <span class='ocrx_word' id='word_1_167' title='bbox 456 2839 561 2910; x_wconf 85' lang='lat' dir='ltr'><strong>Nobis</strong></span> <span class='ocrx_word' id='word_1_168' title='bbox 581 2855 692 2912; x_wconf 76' lang='lat' dir='ltr'><strong>cornua</strong></span> <span class='ocrx_word' id='word_1_169' title='bbox 710 2854 874 2907; x_wconf 89' lang='lat' dir='ltr'><strong>auctorum</strong></span> <span class='ocrx_word' id='word_1_170' title='bbox 895 2841 1146 2922; x_wconf 83' lang='lat' dir='ltr'><strong>diversitates,</strong></span> <span class='ocrx_word' id='word_1_171' title='bbox 1120 2859 1148 2905; x_wconf 87' lang='grc' dir='ltr'><strong>ιιι</strong></span> <span class='ocrx_word' id='word_1_172' title='bbox 1167 2863 1264 2946; x_wconf 76' lang='lat' dir='ltr'><strong>quae</strong></span> <span class='ocrx_word' id='word_1_173' title='bbox 1272 2845 1341 2910; x_wconf 82' lang='lat' dir='ltr'><strong>ior</strong></span> <span class='ocrx_word' id='word_1_174' title='bbox 1441 2907 1442 2926; x_wconf 14' lang='grc' dir='ltr'>χ</span> 
     </span>
     <span class='ocr_line' id='line_1_24' title="bbox 314 2941 1442 3040; baseline -0.002 -24"><span class='ocrx_word' id='word_1_175' title='bbox 314 2963 401 3016; x_wconf 79' lang='lat' dir='ltr'><strong>tasse</strong></span> <span class='ocrx_word' id='word_1_176' title='bbox 419 2949 546 3040; x_wconf 87' lang='lat' dir='ltr'><strong>uspiam</strong></span> <span class='ocrx_word' id='word_1_177' title='bbox 571 2963 656 3032; x_wconf 87' lang='lat' dir='ltr'><strong>sunt,</strong></span> <span class='ocrx_word' id='word_1_178' title='bbox 685 2951 867 3038; x_wconf 75' lang='lat' dir='ltr'><strong>diligentiae</strong></span> <span class='ocrx_word' id='word_1_179' title='bbox 894 2969 932 3016; x_wconf 88' lang='lat' dir='ltr'><strong>ac</strong></span> <span class='ocrx_word' id='word_1_180' title='bbox 956 2949 1032 3016; x_wconf 84' lang='lat' dir='ltr'><strong>fidei</strong></span> <span class='ocrx_word' id='word_1_181' title='bbox 1056 2951 1246 3040; x_wconf 87' lang='lat' dir='ltr'><strong>scriptorum</strong></span> <span class='ocrx_word' id='word_1_182' title='bbox 1268 2973 1341 3017; x_wconf 92' lang='lat' dir='ltr'><strong>ma</strong></span> <span class='ocrx_word' id='word_1_183' title='bbox 1441 2941 1442 3014; x_wconf 69' lang='grc' dir='ltr'>ἶ</span> 
     </span>
     <span class='ocr_line' id='line_1_25' title="bbox 313 3057 1340 3148; baseline -0.002 -23"><span class='ocrx_word' id='word_1_184' title='bbox 313 3061 403 3125; x_wconf 80' lang='lat' dir='ltr'><strong>nima</strong></span> <span class='ocrx_word' id='word_1_185' title='bbox 422 3071 610 3145; x_wconf 83' lang='lat' dir='ltr'><strong>argumenta</strong></span> <span class='ocrx_word' id='word_1_186' title='bbox 627 3060 785 3129; x_wconf 87' lang='lat' dir='ltr'><strong>videntur.</strong></span> <span class='ocrx_word' id='word_1_187' title='bbox 828 3057 932 3144; x_wconf 72' lang='lat' dir='ltr'><strong>Quid?</strong></span> <span class='ocrx_word' id='word_1_188' title='bbox 961 3060 1047 3148; x_wconf 88' lang='lat' dir='ltr'><strong>quod</strong></span> <span class='ocrx_word' id='word_1_189' title='bbox 1062 3059 1252 3126; x_wconf 84' lang='lat' dir='ltr'><strong>Hellanicus</strong></span> <span class='ocrx_word' id='word_1_190' title='bbox 1269 3063 1340 3127; x_wconf 85' lang='lat' dir='ltr'><strong>Le·</strong></span> 
     </span>
     <span class='ocr_line' id='line_1_26' title="bbox 315 3165 1442 3258; baseline 0.002 -26"><span class='ocrx_word' id='word_1_191' title='bbox 315 3169 406 3234; x_wconf 84' lang='lat' dir='ltr'><strong>abins</strong></span> <span class='ocrx_word' id='word_1_192' title='bbox 431 3187 485 3232; x_wconf 88' lang='lat' dir='ltr'><strong>res</strong></span> <span class='ocrx_word' id='word_1_193' title='bbox 512 3165 596 3230; x_wconf 84' lang='lat' dir='ltr'><strong>inter</strong></span> <span class='ocrx_word' id='word_1_194' title='bbox 626 3189 699 3232; x_wconf 88' lang='lat' dir='ltr'><strong>sese</strong></span> <span class='ocrx_word' id='word_1_195' title='bbox 735 3169 878 3232; x_wconf 83' lang='lat' dir='ltr'><strong>diversas</strong></span> <span class='ocrx_word' id='word_1_196' title='bbox 905 3168 1072 3236; x_wconf 88' lang='lat' dir='ltr'><strong>tradidisse</strong></span> <span class='ocrx_word' id='word_1_197' title='bbox 1098 3170 1218 3234; x_wconf 83' lang='lat' dir='ltr'><strong>ferteri</strong></span> <span class='ocrx_word' id='word_1_198' title='bbox 1260 3168 1342 3234; x_wconf 78' lang='lat' dir='ltr'><strong>lam</strong></span> <span class='ocrx_word' id='word_1_199' title='bbox 1441 3183 1442 3258; x_wconf 64' lang='lat' dir='ltr'><strong>j</strong></span> 
     </span>
     <span class='ocr_line' id='line_1_27' title="bbox 315 3271 1442 3356; baseline 0.001 -16"><span class='ocrx_word' id='word_1_200' title='bbox 315 3294 392 3340; x_wconf 84' lang='lat' dir='ltr'><strong>vero</strong></span> <span class='ocrx_word' id='word_1_201' title='bbox 412 3273 553 3348; x_wconf 85' lang='lat' dir='ltr'><strong>damnati</strong></span> <span class='ocrx_word' id='word_1_202' title='bbox 573 3273 718 3340; x_wconf 87' lang='lat' dir='ltr'><strong>Suetonii</strong></span> <span class='ocrx_word' id='word_1_203' title='bbox 738 3277 918 3344; x_wconf 86' lang='lat' dir='ltr'><strong>testimonio</strong></span> <span class='ocrx_word' id='word_1_204' title='bbox 939 3277 1041 3356; x_wconf 87' lang='lat' dir='ltr'><strong>nisus,</strong></span> <span class='ocrx_word' id='word_1_205' title='bbox 1056 3277 1220 3340; x_wconf 91' lang='lat' dir='ltr'><strong>damnavit</strong></span> <span class='ocrx_word' id='word_1_206' title='bbox 1239 3277 1340 3344; x_wconf 89' lang='lat' dir='ltr'><strong>etiam</strong></span> <span class='ocrx_word' id='word_1_207' title='bbox 1441 3271 1442 3308; x_wconf 67' lang='lat'><em>²</em></span> 
     </span>
     <span class='ocr_line' id='line_1_28' title="bbox 316 3379 1339 3471; baseline 0.001 -26"><span class='ocrx_word' id='word_1_208' title='bbox 316 3393 352 3452; x_wconf 84' lang='lat' dir='ltr'><strong>ut</strong></span> <span class='ocrx_word' id='word_1_209' title='bbox 373 3381 489 3454; x_wconf 83' lang='lat' dir='ltr'><strong>laisum</strong></span> <span class='ocrx_word' id='word_1_210' title='bbox 515 3389 627 3446; x_wconf 86' lang='lat' dir='ltr'><strong>tertam</strong></span> <span class='ocrx_word' id='word_1_211' title='bbox 647 3381 805 3446; x_wconf 87' lang='lat' dir='ltr'><strong>Tacitum.</strong></span> <span class='ocrx_word' id='word_1_212' title='bbox 854 3379 925 3446; x_wconf 91' lang='lat' dir='ltr'><strong>Neo</strong></span> <span class='ocrx_word' id='word_1_213' title='bbox 956 3382 1055 3446; x_wconf 88' lang='lat' dir='ltr'><strong>multo</strong></span> <span class='ocrx_word' id='word_1_214' title='bbox 1082 3395 1156 3471; x_wconf 80' lang='lat' dir='ltr'><strong>post</strong></span> <span class='ocrx_word' id='word_1_215' title='bbox 1184 3385 1218 3448; x_wconf 91' lang='lat' dir='ltr'><strong>in</strong></span> <span class='ocrx_word' id='word_1_216' title='bbox 1245 3385 1339 3471; x_wconf 80' lang='lat' dir='ltr'><strong>ipsos</strong></span> 
     </span>
     <span class='ocr_line' id='line_1_29' title="bbox 318 3479 1336 3566; baseline 0.001 -10"><span class='ocrx_word' id='word_1_217' title='bbox 318 3479 464 3556; x_wconf 84' lang='lat' dir='ltr'><strong>Suetonii</strong></span> <span class='ocrx_word' id='word_1_218' title='bbox 493 3497 640 3563; x_wconf 86' lang='lat' dir='ltr'><strong>auctores</strong></span> <span class='ocrx_word' id='word_1_219' title='bbox 671 3489 839 3562; x_wconf 67' lang='lat' dir='ltr'><strong>invehitur,</strong></span> <span class='ocrx_word' id='word_1_220' title='bbox 886 3489 972 3559; x_wconf 88' lang='lat' dir='ltr'><strong>Suet.</strong></span> <span class='ocrx_word' id='word_1_221' title='bbox 1002 3489 1095 3556; x_wconf 83' lang='lat' dir='ltr'><strong>Caes.</strong></span> <span class='ocrx_word' id='word_1_222' title='bbox 1126 3513 1154 3562; x_wconf 84' lang='lat' dir='ltr'><strong>o.</strong></span> <span class='ocrx_word' id='word_1_223' title='bbox 1181 3489 1222 3557; x_wconf 86' lang='lat'><strong>52</strong></span> <span class='ocrx_word' id='word_1_224' title='bbox 1251 3505 1336 3566; x_wconf 86' lang='lat' dir='ltr'><strong>extr</strong></span> 
     </span>
     <span class='ocr_line' id='line_1_30' title="bbox 317 3597 1340 3688; baseline 0.004 -24"><span class='ocrx_word' id='word_1_225' title='bbox 317 3599 370 3664; x_wconf 85' lang='lat' dir='ltr'><strong>Ac</strong></span> <span class='ocrx_word' id='word_1_226' title='bbox 386 3618 426 3666; x_wconf 78' lang='lat' dir='ltr'><strong>ae</strong></span> <span class='ocrx_word' id='word_1_227' title='bbox 448 3604 503 3666; x_wconf 78' lang='lat' dir='ltr'><strong>cai</strong></span> <span class='ocrx_word' id='word_1_228' title='bbox 518 3597 645 3664; x_wconf 73' lang='lat' dir='ltr'><strong>dodican</strong></span> <span class='ocrx_word' id='word_1_229' title='bbox 665 3605 788 3666; x_wconf 81' lang='lat' dir='ltr'><strong>omnino</strong></span> <span class='ocrx_word' id='word_1_230' title='bbox 808 3605 862 3680; x_wconf 80' lang='lat' dir='ltr'><strong>rit,</strong></span> <span class='ocrx_word' id='word_1_231' title='bbox 888 3609 923 3666; x_wconf 82' lang='lat' dir='ltr'><strong>et</strong></span> <span class='ocrx_word' id='word_1_232' title='bbox 949 3602 1170 3688; x_wconf 74' lang='lat' dir='ltr'><strong>improdictiioe</strong></span> <span class='ocrx_word' id='word_1_233' title='bbox 1203 3623 1273 3668; x_wconf 80' lang='lat' dir='ltr'><strong>enm</strong></span> <span class='ocrx_word' id='word_1_234' title='bbox 1304 3611 1340 3668; x_wconf 83' lang='lat' dir='ltr'><strong>et</strong></span> 
     </span>
     <span class='ocr_line' id='line_1_31' title="bbox 319 3707 1338 3798; baseline 0.002 -24"><span class='ocrx_word' id='word_1_235' title='bbox 319 3707 556 3778; x_wconf 77' lang='lat' dir='ltr'><strong>adulteriorum</strong></span> <span class='ocrx_word' id='word_1_236' title='bbox 571 3707 743 3794; x_wconf 75' lang='lat' dir='ltr'><strong>flagrasse</strong></span> <span class='ocrx_word' id='word_1_237' title='bbox 769 3710 919 3792; x_wconf 71' lang='lat' dir='ltr'><strong>infamer,</strong></span> <span class='ocrx_word' id='word_1_238' title='bbox 951 3711 1050 3777; x_wconf 79' lang='lat' dir='ltr'><strong>Orcrt&#39;o</strong></span> <span class='ocrx_word' id='word_1_239' title='bbox 1073 3721 1175 3798; x_wconf 83' lang='lat' dir='ltr'><strong>poter</strong></span> <span class='ocrx_word' id='word_1_240' title='bbox 1200 3709 1338 3798; x_wconf 78' lang='lat' dir='ltr'><strong>quadam</strong></span> 
     </span>
     <span class='ocr_line' id='line_1_32' title="bbox 321 3763 1442 3898; baseline 0.007 -16.153"><span class='ocrx_word' id='word_1_241' title='bbox 321 3837 392 3888; x_wconf 82' lang='lat' dir='ltr'><strong>euno</strong></span> <span class='ocrx_word' id='word_1_242' title='bbox 412 3823 560 3883; x_wconf 80' lang='lat' dir='ltr'><strong>oratione</strong></span> <span class='ocrx_word' id='word_1_243' title='bbox 579 3822 712 3882; x_wconf 78' lang='lat' dir='ltr'><strong>omnium</strong></span> <span class='ocrx_word' id='word_1_244' title='bbox 730 3821 1025 3898; x_wconf 68' lang='lat' dir='ltr'><strong>melioramento,</strong></span> <span class='ocrx_word' id='word_1_245' title='bbox 1045 3825 1230 3887; x_wconf 77' lang='lat' dir='ltr'><strong>oromatum</strong></span> <span class='ocrx_word' id='word_1_246' title='bbox 1249 3823 1336 3885; x_wconf 81' lang='lat' dir='ltr'><strong>ciro</strong></span> <span class='ocrx_word' id='word_1_247' title='bbox 1441 3763 1442 3890; x_wconf 76' lang='lat' dir='ltr'><strong>l</strong></span> 
     </span>
     <span class='ocr_line' id='line_1_33' title="bbox 320 3903 1442 4014; baseline 0.001 -25"><span class='ocrx_word' id='word_1_248' title='bbox 320 3943 392 3994; x_wconf 77' lang='lat' dir='ltr'><strong>runt</strong></span> <span class='ocrx_word' id='word_1_249' title='bbox 414 3929 577 3994; x_wconf 74' lang='lat' dir='ltr'><strong>mullerem</strong></span> <span class='ocrx_word' id='word_1_250' title='bbox 598 3928 755 4014; x_wconf 51' lang='lat' dir='ltr'><strong>appeler</strong></span> <span class='ocrx_word' id='word_1_251' title='bbox 793 3903 856 3994; x_wconf 79' lang='lat' dir='ltr'><strong>llic</strong></span> <span class='ocrx_word' id='word_1_252' title='bbox 875 3929 947 4011; x_wconf 80' lang='lat' dir='ltr'><strong>nte,</strong></span> <span class='ocrx_word' id='word_1_253' title='bbox 965 3942 1118 4013; x_wconf 88' lang='lat' dir='ltr'><strong>tanquam</strong></span> <span class='ocrx_word' id='word_1_254' title='bbox 1136 3928 1271 3994; x_wconf 84' lang='lat' dir='ltr'><strong>lectores</strong></span> <span class='ocrx_word' id='word_1_255' title='bbox 1288 3927 1335 3992; x_wconf 90' lang='lat' dir='ltr'><strong>lu·</strong></span> <span class='ocrx_word' id='word_1_256' title='bbox 1441 3957 1442 3960; x_wconf 37' lang='lat'>¹</span> 
     </span>
     <span class='ocr_line' id='line_1_34' title="bbox 323 4031 1336 4126; baseline 0.002 -28"><span class='ocrx_word' id='word_1_257' title='bbox 323 4031 424 4104; x_wconf 86' lang='lat' dir='ltr'><strong>dibrio</strong></span> <span class='ocrx_word' id='word_1_258' title='bbox 444 4033 567 4100; x_wconf 83' lang='lat' dir='ltr'><strong>habere</strong></span> <span class='ocrx_word' id='word_1_259' title='bbox 583 4035 736 4102; x_wconf 81' lang='lat' dir='ltr'><strong>voluerit:</strong></span> <span class='ocrx_word' id='word_1_260' title='bbox 778 4033 885 4106; x_wconf 80' lang='lat' dir='ltr'><strong>Notas</strong></span> <span class='ocrx_word' id='word_1_261' title='bbox 902 4060 1024 4126; x_wconf 81' lang='lat' dir='ltr'><strong>quaero</strong></span> <span class='ocrx_word' id='word_1_262' title='bbox 1043 4042 1237 4123; x_wconf 79' lang='lat' dir='ltr'><strong>geminatum</strong></span> <span class='ocrx_word' id='word_1_263' title='bbox 1255 4033 1336 4102; x_wconf 71' lang='lat' dir='ltr'><strong>ettad</strong></span> 
     </span>
     <span class='ocr_line' id='line_1_35' title="bbox 323 4143 1334 4216; baseline -0.004 -3"><span class='ocrx_word' id='word_1_264' title='bbox 323 4147 501 4213; x_wconf 67' lang='lat' dir='ltr'><strong>casina.</strong></span> <span class='ocrx_word' id='word_1_265' title='bbox 550 4143 606 4211; x_wconf 79' lang='lat' dir='ltr'><strong>An</strong></span> <span class='ocrx_word' id='word_1_266' title='bbox 640 4159 722 4214; x_wconf 79' lang='lat' dir='ltr'><strong>unns</strong></span> <span class='ocrx_word' id='word_1_267' title='bbox 753 4145 892 4214; x_wconf 64' lang='lat' dir='ltr'><strong>Onetor»</strong></span> <span class='ocrx_word' id='word_1_268' title='bbox 909 4151 962 4214; x_wconf 78' lang='lat' dir='ltr'><strong>cir</strong></span> <span class='ocrx_word' id='word_1_269' title='bbox 990 4167 1119 4216; x_wconf 81' lang='lat' dir='ltr'><strong>omnes</strong></span> <span class='ocrx_word' id='word_1_270' title='bbox 1145 4145 1334 4216; x_wconf 79' lang='lat' dir='ltr'><strong>odsrltcrore</strong></span> 
     </span>
    </p>
   </div>
   <div class='ocr_carea' id='block_1_3' title="bbox 0 0 1509 5158">
    <p class='ocr_par' dir='ltr' id='par_1_3' title="bbox 0 0 1509 5158">
     <span class='ocr_line' id='line_1_36' title="bbox 0 0 1509 5158; baseline 0 0"><span class='ocrx_word' id='word_1_271' title='bbox 0 0 1509 5158; x_wconf 95' lang='lat' dir='ltr'><strong> </strong></span> 
     </span>
    </p>
   </div>
  </div>
 </body>
</html>
