2962 5158
341 415 383 474 20
706 471 711 482 ,
739 401 941 472 CAESAR.

294 623 297 630 ·
345 589 467 643 untnnr
498 575 617 659 profert
651 573 692 639 de
724 573 882 654 Cruento}
910 591 1010 660 agona
1043 573 1272 642 hereditatibus
1295 575 1366 661 ὓ).

299 725 303 736 ·
346 685 422 748 Fuit
440 693 547 752 eutem
566 685 695 748 Tubero
711 681 883 748 historiens
905 681 1138 764 eeleberrimur,
1158 685 1257 771 inque
1281 703 1368 748 oon-

346 793 484 860 terendis
511 792 731 858 historicorum
757 792 951 856 temimoniis
974 811 1013 854 ao
1037 795 1256 859 monumentis
1281 793 1367 858 dili-

347 925 435 988 gens.
475 901 640 968 Laudatur
659 911 770 966 auctor
790 921 811 964 a
833 901 937 977 Livio,
958 919 977 964 a
999 897 1160 982 Dionysio
1182 914 1287 967 autem
1299 904 1368 965 ia·

297 1075 302 1082 ,
347 1012 461 1078 mlliari
479 1029 547 1074 non
566 1009 685 1093 injuria
705 1009 820 1074 dieittrr
838 999 929 1080 derude
946 999 1021 1090 ἀνὴρ
1040 1005 1093 1069 aei
1110 1007 1178 1095 περὶ
1194 1003 1247 1094 τὴν
1268 1031 1368 1072 oera-

348 1115 445 1202 γωγὴν
463 1115 515 1196 τῆς
541 1116 675 1199 ἱστορίας
698 1111 839 1199 ἐπιμελής.
888 1113 1029 1180 Fabulae
1056 1115 1281 1204 interpretatus
1296 1129 1367 1182 :est

349 1231 470 1293 ratione
493 1224 661 1304 historica,
689 1224 817 1288 tradidit
846 1223 941 1286 etiam
967 1235 1115 1288 aouurate
1142 1225 1182 1288 de
1210 1225 1368 1313 reipubli-

300 1401 303 1406 .
349 1357 405 1402 eae
426 1332 586 1411 maututis,
613 1333 735 1414 fuitque
755 1332 804 1394 vir
825 1331 860 1394 in
881 1329 1045 1418 republica
1064 1341 1219 1412 versatur,
1252 1345 1369 1397 oretum

348 1457 379 1506 et
409 1437 647 1528 jureconsultus
671 1436 734 1518 ⁶⁵).
789 1435 986 1503 Nominatim
1024 1439 1156 1501 affertur
1191 1433 1368 1525 praeterea

349 1552 523 1637 Augustos,
546 1569 639 1636 quem
660 1546 739 1612 duas
761 1544 910 1611 Caesaris
930 1547 1091 1611 orationes
1118 1545 1365 1612 subditosoen-

348 1662 462 1740 tuisse,
485 1679 523 1723 ae
550 1655 676 1723 libellos
703 1657 863 1745 quosdam,
889 1655 1019 1720 Laudes
1041 1654 1201 1733 Herculis,
1231 1666 1366 1738 tragoe.
1478 1733 1479 1756 Χ

349 1769 434 1832 diurn
453 1765 623 1850 Oedipum,
641 1765 736 1828 Dietu
754 1763 948 1827 eolleetaneu
964 1762 1119 1848 publicari
1146 1747 1285 1824 vetuisse
1297 1781 1361 1824 -re-

346 1875 424 1957 ¹iert;
445 1875 505 1938 lroo
524 1872 657 1934 alterum
675 1871 840 1954 Augustus
860 1872 959 1935 vetuit
985 1871 1021 1934 in
1042 1869 1176 1956 epistola
1201 1869 1243 1934 ad
1263 1859 1361 1934 Pom-

346 1987 454 2070 pejum
473 1977 630 2058 Moenum,
658 1979 711 2042 eui
734 1977 926 2042 ordinandas
955 1978 1160 2044 bibliotheoas
1189 1978 1359 2064 delegave-

343 2091 406 2167 rat,
435 2087 524 2150 brevi
551 2085 720 2150 admodum
750 2107 789 2150 ae
815 2086 960 2176 simplici
976 2087 1128 2176 epistola,
1159 2099 1195 2153 ut
1225 2099 1361 2153 testatur
1478 2123 1479 2136 2

349 2196 531 2276 Suetonius,
559 2207 595 2260 ut
623 2215 695 2259 eum
720 2194 842 2260 litteras
859 2195 977 2280 legisse
998 2207 1152 2283 appareat
1173 2195 1234 2278 ⁶⁶).
1276 2195 1359 2261 For-

348 2321 434 2376 tasse
461 2307 556 2370 otiam
581 2305 621 2367 de
647 2306 844 2368 orationibus
868 2304 938 2369 istis
972 2306 1111 2391 Augusti
1130 2305 1287 2390 judicium
1300 2327 1359 2372 ex
1478 2347 1479 2354 .

222 2411 229 2418 ’
350 2415 492 2504 epistolis
521 2413 720 2496 desumptum
750 2425 808 2494 est,
838 2413 880 2476 ad
907 2431 1041 2497 quarum
1066 2416 1294 2495 auctoritatem,
1321 2429 1359 2480 ut
1478 2489 1479 2502 p

346 2534 419 2608 poet
436 2521 622 2599 videbimus,
643 2539 871 2606 saepenumero
891 2533 1053 2610 provocat.
1102 2523 1192 2586 llaec
1219 2523 1258 2588 de
1287 2523 1356 2588 Au-

346 2642 440 2716 gusto
460 2627 624 2695 srrsfioiant
645 2651 717 2694 oum
739 2631 851 2716 eapitis
876 2631 1004 2698 alterius
1023 2631 1177 2720 principio
1197 2633 1358 2718 copiosius

346 2740 386 2804 do
405 2761 443 2802 eo
463 2738 680 2804 disserendum
697 2739 748 2802 sit.
799 2737 1012 2804 Nominantur
1039 2758 1134 2828 porro
1160 2737 1358 2806 Dolabellae

346 2884 545 2902 m

418 2988 471 3056 Η>
489 2988 565 3044 Suet.
582 2988 611 3046 in
629 2991 708 3044 Caes.
726 3004 749 3042 o.
766 2986 817 3042 83:
854 2986 886 3060 Q.
907 2987 1009 3044 Tubero
1027 2985 1117 3052 tradit,
1133 2985 1253 3042 heredem
1270 2990 1303 3044 ab
1324 3007 1356 3044 eo

348 3071 428 3124 scribi
442 3075 495 3122 oet.
531 3071 577 3121 Fr.
594 3069 787 3124 Lachmannus
806 3072 834 3126 in
851 3071 943 3140 priore
967 3071 1002 3124 de
1020 3071 1101 3124 iontt.
1122 3071 1198 3124 Livii
1219 3087 1355 3126 commen-

348 3156 453 3206 tatione
472 3165 536 3220 peg.
551 3149 588 3204 41
608 3151 743 3204 incertum
761 3153 810 3214 ait,
829 3155 920 3206 sintne
938 3154 995 3205 iste
1012 3167 1045 3205 ex
1062 3151 1186 3204 historiis
1200 3153 1356 3206 Tuberonis

346 3231 517 3302 deprompta,
535 3243 571 3282 au
586 3245 621 3284 ex
638 3230 720 3293 libro,
735 3247 816 3300 quern
836 3231 928 3286 Gellio
947 3237 1020 3284 terte
1045 3229 1131 3296 (Vill,
1149 3231 1182 3298 9)
1207 3259 1240 3270 --
1265 3240 1295 3285 et
1311 3242 1355 3288 eat

347 3313 443 3377 vlla
468 3339 502 3352 -
526 3312 562 3366 ud
586 3313 616 3364 c.
641 3310 760 3379 Oppium
780 3311 901 3380 scripsit.
941 3311 996 3363 Sed
1020 3312 1050 3362 in
1074 3319 1223 3367 comment.
1249 3321 1353 3382 poster.

344 3407 408 3462 pag.
425 3394 473 3446 2⁷.
491 3393 593 3446 rectius
609 3391 719 3446 ridetur
735 3393 852 3462 opinari,
869 3409 903 3447 ex
915 3390 1041 3444 historiis
1059 3391 1109 3444 iila
1121 3391 1267 3462 desumpta
1284 3411 1354 3450 esee.

345 3478 479 3534 ceterum,
492 3490 547 3528 non
566 3478 610 3528 eet
627 3472 703 3526 Suet.
719 3475 834 3542 August.
856 3489 880 3525 e.
897 3469 949 3538 8³;
974 3473 1024 3526 red
1039 3471 1114 3526 Suet.
1133 3476 1212 3528 caea.
1233 3491 1258 3528 e.
1272 3473 1319 3530 83.

415 3573 466 3638 Η)
484 3576 527 3630 De
546 3575 581 3638 Q.
600 3574 677 3628 Aelio
695 3575 843 3629 Tuberone
859 3573 941 3628 Voss.
958 3575 985 3628 d.
1002 3573 1030 3628 lr.
1048 3575 1079 3628 1..
1099 3589 1126 3643 p.
1144 3574 1181 3628 bu
1200 3583 1266 3646 eet;
1290 3579 1365 3635 cor·'
1478 3593 1479 3622 ³

346 3657 401 3709 tina
430 3671 458 3726 p.
477 3657 516 3708 42
535 3661 587 3708 oet.
626 3653 738 3710 Laobnr.
764 3657 782 3711 l.
798 3657 817 3711 l.
848 3656 880 3718 Q.
900 3657 1005 3711 Aelium
1025 3655 1201 3712 Tuberonem
1225 3675 1244 3712 a
1266 3660 1355 3716 Lucio

344 3745 424 3805 patre
447 3739 551 3806 primus
575 3742 651 3790 reete
678 3737 807 3804 seiunxit.
854 3737 925 3792 Geli.
947 3737 980 3794 N.
1003 3740 1033 3792 Α.
1055 3737 1098 3800 X,
1124 3739 1163 3792 28
1194 3739 1354 3811 (perperam

343 3817 459 3872 tunm.
489 3817 562 3872 Geli.
587 3817 631 3882 X,
658 3815 719 3886 18)r
756 3815 786 3874 0.
807 3815 910 3872 Tubero
935 3817 1106 3876 titanorum
1126 3819 1213 3886 primo
1241 3823 1355 3892 scripsit,

273 3899 275 3904 ’
346 3896 466 3950 Sumere
492 3896 610 3954 tuition
631 3915 690 3968 sqq.
731 3898 848 3954 Videtur
874 3900 910 3954 ad
934 3905 1057 3956 nuruum
1081 3899 1256 3959 relerendurn
1282 3919 1353 3967 esee,
1478 3937 1479 3972 ,

346 3979 382 4033 oi.
401 3983 512 4048 praeter
529 3980 601 4034 aliea
619 3979 735 4033 Laobur.
759 4007 794 4020 -
827 3982 941 4037 Librum
959 3983 1019 4050 ajut
1047 3995 1125 4046 super
1142 3982 1238 4054 officio
1254 3983 1360 4050 judicie,⁴
1478 3979 1479 3996 ¹

257 4095 261 4105 ι
345 4059 442 4112 laudat
461 4057 533 4110 Geli.
554 4059 586 4112 N.
605 4060 730 4126 Aexlv,
746 4063 772 4116 2.

417 4155 469 4228 Η)
489 4161 561 4234 cap,
577 4157 613 4212 aa
633 4167 661 4214 eo
681 4143 727 4216 oo.
