2962 5158
350 441 391 508 6¹2
739 439 977 512 CALIGULA.

348 609 446 678 nimis
472 610 622 678 maximis
653 621 685 678 et
711 611 932 702 perquirendis
958 621 991 679 et
1022 609 1185 680 medendis
1219 619 1367 680 versatos

297 717 299 724 ’
348 721 405 786 sit:
428 719 545 784 etenim
562 719 716 810 principis
734 719 842 816 iocum
859 722 999 787 natalem
1019 722 1177 808 indagans
1196 729 1369 809 postquam

349 830 479 918 copiose
501 841 726 915 accurateque,
748 851 830 920 quae
852 831 894 895 ad
918 850 986 894 rem
1006 831 1145 909 iaciunt,
1165 821 1304 908 rettulit,
1333 837 1370 892 et

348 939 442 1018 alios,
470 937 623 1026 expositis
646 936 774 1004 uberius
800 939 933 1021 caussis,
957 941 1084 1019 relutat,
1114 951 1146 1004 et
1170 959 1262 1004 suam
1288 957 1368 1002 sen-

348 1049 480 1112 tentiam
497 1046 620 1112 idoneis
640 1048 780 1110 maxime
798 1059 829 1111 et
844 1047 1051 1132 integerrimis
1068 1047 1259 1112 testimoniis
1277 1065 1369 1110 oom-

346 1158 463 1248 probat
485 1153 548 1234 Μ).
601 1151 728 1218 Deinde
755 1150 935 1241 epimonem
961 1153 1161 1238 quorundam
1187 1156 1372 1224 aventato

347 1283 416 1328 uon
446 1261 615 1330 abhorrere
646 1282 690 1324 ex
718 1261 948 1326 nonnullorum
984 1273 1148 1345 auctorum
1175 1263 1372 1328 testimoniis

348 1370 480 1455 colligit,
501 1371 548 1434 ito
567 1380 603 1434 ut
624 1370 780 1460 suspicari
804 1371 941 1437 tortasse
968 1370 1071 1448 liceat,
1100 1368 1277 1454 significari
1296 1393 1374 1454 cos,

349 1500 394 1544 ex
421 1479 536 1566 quibus
571 1498 640 1542 rem
671 1477 805 1544 audierit
826 1476 888 1564 ³³).
936 1478 981 1544 At
1011 1477 1089 1563 quid
1114 1480 1271 1566 iaciamus
1301 1480 1375 1544 alio

347 1587 431 1669 loco,
461 1587 518 1654 ubi
547 1583 747 1672 quorundam
772 1587 956 1674 opinionem
976 1605 1085 1650 reram
1114 1599 1221 1672 negat,
1240 1587 1376 1654 nullum

346 1696 507 1764 exhibens
529 1695 766 1761 testimonium?
787 1695 839 1774 ³¹⁸)
895 1696 1031 1760 Videtur
1058 1693 1216 1760 mehercle
1243 1713 1295 1759 res
1322 1697 1376 1764 ita

246 1873 254 1883 ,
346 1807 519 1873 manifesta
540 1804 649 1882 fuisse,
671 1815 707 1866 ut
726 1821 770 1864 ne
791 1797 885 1886 e'gere
912 1802 1040 1885 quidem
1059 1803 1253 1888 argumentis
1273 1816 1375 1892 puta-

346 1927 406 1979 ret.
447 1913 532 1976 Turn
559 1929 642 1993 quae
661 1907 802 1994 plerique
827 1909 953 1974 diverso
984 1910 1078 1974 modo
1106 1912 1248 1976 arbitrati
1267 1923 1374 1991 erant,

345 2020 433 2086 ialsa
453 2016 625 2096 contendit,
645 2015 743 2081 fidem
765 2017 908 2082 tribuens
937 2034 1009 2100 avo,
1041 2015 1210 2104 Caligulae
1229 2019 1372 2108 aequali,
1431 2067 1432 2078 ,

345 2148 454 2213 equo
478 2146 546 2190 rem
565 2123 657 2190 aliter
678 2135 893 2214 comparatam
914 2147 985 2192 esse
1005 2127 1170 2216 acceperat
1192 2126 1255 2209 Η).
1295 2127 1374 2194 Nec
1431 2101 1432 2194 l

345 2239 455 2303 minus
474 2247 561 2301 recte
582 2231 739 2298 invehitur
760 2236 796 2298 in
817 2237 922 2325 ipsum
943 2232 1137 2321 Caligulam,
1159 2234 1245 2320 quod
1262 2236 1291 2301 is
1308 2235 1374 2300 Li·

348 2347 436 2412 viem
456 2344 637 2429 Augustam
661 2343 869 2428 ignobilitatis
899 2344 1036 2430 quadarn
1059 2345 1102 2410 ad
1127 2343 1279 2410 Senonum
1300 2343 1374 2432 epi.

350 2453 433 2520 stola
461 2471 594 2536 arguere
621 2471 719 2516 ausus
748 2450 799 2532 sit,
835 2473 908 2518 oum
934 2454 1082 2543 publicis,
1116 2465 1152 2517 ut
1179 2455 1223 2518 ait
1247 2463 1372 2536 noster,
1431 2449 1432 2458 ’

281 2625 285 2632 ,
348 2559 578 2640 monumentis,
610 2561 744 2625 sortasse
770 2561 850 2628 actis
876 2561 1013 2644 diurnis,
1040 2561 1188 2628 Caesaris
1208 2559 1373 2628 calumnia

240 2753 243 2762 .
347 2691 436 2738 vana
455 2668 632 2736 declaretur
654 2668 716 2758 ³⁶).
758 2669 876 2734 Rarius
895 2672 991 2734 etiam
1010 2689 1078 2734 rem
1098 2671 1251 2734 incertam
1268 2667 1373 2736 relin-
1431 2661 1432 2680 ¹

344 2780 420 2866 quit
434 2777 499 2863 ³⁷).
543 2779 596 2847 Ne
616 2777 734 2848 multa:
754 2795 806 2844 res
825 2777 1067 2876 vereltrodendi
1087 2787 1282 2865 quantopere
1300 2789 1372 2844 stu·
1431 2807 1432 2814 ¹

350 2889 462 2956 diosus
484 2889 587 2967 luerit,
608 2887 735 2955 abunde
756 2905 799 2952 ex
818 2883 880 2952 hac
902 2888 970 2954 vita
987 2887 1177 2980 perspicitur
1202 2884 1263 2968 88>.
1303 2885 1373 2953 lm.

422 3071 475 3142 Η)
495 3075 535 3128 Cf.
551 3080 641 3128 totum
659 3076 777 3144 capi„
793 3091 847 3148 quo
866 3082 936 3134 extr.
953 3075 1033 3130 dicit·
1067 3074 1208 3146 Sequenda
1222 3072 1371 3146 arrigitur,
1431 3109 1432 3156 ,

351 3173 420 3227 quae
435 3155 493 3209 rulo
509 3163 601 3218 restat,
616 3155 743 3218 publici
731 3161 900 3212 austremonii
915 3158 1060 3212 auctoritas
1077 3165 1129 3212 cet.
1146 3159 1166 3212 i.
1183 3171 1208 3211 e.
1233 3163 1298 3208 ectu
1319 3172 1372 3226 pu·
1431 3163 1432 3180 ³

349 3237 434 3301 blica,
451 3235 485 3288 de
504 3251 618 3304 quorum
636 3235 716 3286 lidc'
707 3231 737 3287 ni
756 3239 893 3303 ejusmodi
909 3241 992 3293 rebus
1010 3241 1181 3306 incorrupta,
1199 3242 1231 3288 ut
1249 3238 1371 3292 diximus

350 3323 426 3380 ante,
442 3314 517 3368 nullo
537 3329 650 3382 prorsus
665 3315 749 3368 modo
768 3317 948 3371 dubitandum
967 3323 1020 3374 ert.
1058 3319 1242 3387 interpretum
1260 3320 1370 3388 optime
1431 3373 1432 3378 ,

349 3397 392 3448 ita
409 3396 506 3463 posuit
522 3393 718 3448 cicaubonus.
755 3392 874 3466 dispellit
891 3413 940 3462 me,
965 3408 995 3452 ut
1013 3397 1138 3474 Suetonio
1159 3397 1251 3467 potius
1278 3415 1372 3454 asten·
1431 3385 1432 3452 ζ

342 3473 414 3540 rior,
436 3473 568 3544 exquisita
584 3473 650 3530 ilaec
671 3475 822 3547 diligentia,
847 3495 900 3549 quc
923 3495 999 3532 utum
1021 3495 1080 3532 erem
1100 3487 1176 3546 potet
1193 3479 1223 3533 irt
1243 3483 1373 3550 perverti·
1431 3493 1432 3544 l

348 3558 443 3630 ganda
456 3555 537 3626 tum
553 3557 595 3612 rei
612 3557 739 3614 ueritate.-
758 3575 837 3630 quum
856 3560 961 3632 quidem
980 3560 1025 3616 ille
1041 3559 1113 3616 solur
1130 3557 1208 3628 serio,
1226 3569 1297 3616 certe
1310 3573 1375 3629 pou
1431 3551 1432 3622 i

351 3638 472 3695 Plinium
490 3649 519 3692 et
534 3639 667 3707 Tacitum,
685 3639 823 3712 quaesiuit.
1431 3623 1432 3702 i

422 3737 471 3806 85)
492 3745 560 3813 Cap,
581 3743 633 3800 12:
667 3744 822 3816 etquidem
847 3742 1044 3814 opinantur
1066 3769 1101 3783 -
1132 3741 1371 3804 Necaiiomto
1431 3729 1432 3746 ¹

351 3823 471 3890 veritate,
488 3841 548 3882 cum
565 3826 622 3880 rint
636 3825 743 3898 quidam
761 3835 925 3882 auctores
943 3843 1002 3898 sqq.
1431 3817 1432 3836 ¹

423 3923 477 3997 Μ)
497 3943 559 3999 cap.
580 3929 624 3986 17.
776 3927 829 3997 ³⁵)
851 3944 913 4000 cap.
932 3927 976 3982 19.
1131 3923 1180 3992 ⁵⁶)
1202 3945 1267 3998 cap.
1286 3926 1357 3988 23‚‘

425 4025 479 4096 ³⁷>
497 4045 558 4100 cap.
580 4029 633 4085 25:
665 4030 723 4086 Alii
743 4031 859 4088 tradunt.
893 4047 954 4102 cop.
975 4029 1026 4088 ta:
1051 4027 1162 4104 Duplex
1179 4027 1272 4094 dodino
1282 4032 1372 4106 soma
1431 4065 1432 4100 ss

326 4117 409 4174 ,crit
427 4109 479 4166 alii
493 4113 605 4168 madunt
618 4139 654 4154 ··-
672 4112 730 4170 clii.

430 4209 483 4284 8θ)
502 4227 562 4286 cap.
576 4213 629 4271 toz
670 4211 748 4282 Quod
764 4229 799 4270 oc
814 4213 860 4270 eui
877 4213 983 4286 dulim
1000 4212 1122 4272 rideam
1140 4221 1193 4273 cet.
