2962 5158
334 469 376 538 ss
718 458 957 564 canonos,
1076 461 1080 470 ’

300 715 305 736 ,
331 657 420 730 pars,
438 657 520 725 quae
540 638 604 706 buc
622 639 708 720 iacit,
727 639 775 707 ita
794 643 898 729 periit,
918 649 955 706 nt
972 659 1016 706 na
1042 639 1119 708 inde
1137 643 1266 730 quidem
1288 643 1348 710 tle-

332 767 442 816 nmum
461 749 614 815 resarcire
635 752 718 816 bene
735 749 841 816 liceat.
894 749 1045 836 Caligula
1071 754 1198 840 scripsit
1227 753 1347 818 oratio·

309 871 404 936 0nes,
423 868 460 922 ut
480 859 570 923 testis
591 857 798 946 Tranquillus
818 871 876 941 est
898 879 1081 944 quanquam
1099 863 1141 926 ad
1161 877 1271 927 ertum
1288 881 1349 926 au·

334 970 509 1032 ctoritatem
527 987 685 1052 nusquam
704 980 857 1054 provocet
878 969 920 1052 ¹).
958 969 1149 1048 Aiieruntur
1168 973 1264 1035 ctiam
1282 970 1348 1034 duo

334 1081 405 1164 ejus
423 1077 524 1142 libelli
546 1076 682 1142 Gladius
707 1088 748 1154 et,
759 1075 864 1161 Pugio
892 1077 1047 1166 inseripti,
1074 1081 1130 1163 qui
1154 1082 1196 1145 in
1217 1080 1350 1144 recretis

333 1187 451 1276 reperti
487 1186 692 1250 continebant
720 1196 814 1258 notas
840 1195 871 1248 et
896 1187 1027 1276 nomina
1054 1191 1148 1254 morti
1175 1189 1351 1253 destinato-

333 1314 406 1360 rum
428 1294 476 1376 ');
515 1293 627 1356 deinde
651 1291 759 1376 aliqua
786 1293 930 1357 iocinore
956 1295 1136 1374 moiuntur,
1164 1315 1248 1378 quae
1279 1299 1352 1383 ipse

332 1406 481 1492 princeps
501 1402 738 1489 perscripserat,
759 1411 923 1486 orantque,
941 1414 1097 1486 quantum
1117 1404 1254 1482 videtur,
1282 1404 1352 1468 alio

332 1533 396 1602 quo
417 1507 524 1576 libello
545 1509 774 1600 comprehensa
795 1509 837 1591 8).
879 1511 1027 1576 Meminit
1055 1512 1150 1577 etiam
1169 1509 1260 1576 illius
1281 1514 1356 1598 epi-

332 1622 436 1688 stolae
457 1623 500 1686 etl
522 1619 682 1686 Senatum=
696 1620 844 1710 scriptae,
864 1639 928 1704 qua
946 1619 1058 1685 dicitur
1077 1639 1176 1684 eurus
1197 1641 1269 1683 esse
1290 1619 1355 1684 Li.

332 1732 420 1796 viam
445 1732 624 1816 Augustam
650 1729 820 1817 proariam'
842 1727 1060 1812 ignobilitatis,
1079 1747 1229 1814 arguere,
1258 1729 1362 1812 qnasi·

332 1851 476 1906 materno
502 1857 561 1900 avo
582 1837 763 1902 Decurione
781 1834 940 1900 Fundano
960 1846 1062 1898 ortem
1083 1835 1132 1913 ⁴);
1160 1845 1227 1900 tum
1253 1813 1355 1900 refert

334 1947 442 2034 eliqua
459 1967 502 2010 ex
521 1943 656 2032 epistola
674 1946 745 2027 ejus
764 1942 806 2006 arl
824 1953 1047 2028 procuratores
1070 1943 1112 2027 ⁶),
1130 1956 1166 2007 ut
1183 1956 1353 2029 utramque

332 2055 439 2142 ipsum
460 2052 578 2139 legisse
598 2069 710 2139 paene·
722 2051 931 2116 certissimum
953 2051 1004 2119 sit
1046 2050 1123 2117 Pari
1147 2053 1272 2118 ratione
1294 2076 1353 2119 co.

333 2161 469 2242 dioillos,
494 2181 628 2248 quorum
654 2159 836 2249 exemplum
857 2160 982 2241 aflerat,
1008 2181 1083 2225 eum
1113 2161 1231 2248 legisse
1257 2163 1353 2227 dixe.

334 2273 395 2338 rim
419 2271 467 2356 ⁶):
505 2272 582 2336 item
601 2271 640 2334 de
659 2267 803 2334 Decretis
827 2274 859 2352 et
877 2269 998 2334 Edictis'
1023 2289 1062 2336 ac
1084 2269 1357 2338 senatusconsul-

333 2385 375 2447 tis
393 2381 634 2462 rationibusque
651 2378 776 2466 imperii
797 2351 955 2463 suspicari
972 2377 1057 2457 licet,
1084 2401 1156 2444 cum
1173 2380 1246 2444 aliis
1265 2393 1354 2445 cer-te

334 2491 421 2570 locis,
441 2491 607 2558 confessus
640 2488 682 2552 rit
703 2483 739 2566 ⁷).
792 2483 944 2552 Ceterum
974 2485 1122 2573 Caligula
1153 2492 1354 2580 principatus

333 2599 425 2665 initio
443 2597 649 2686 scriptoribus
669 2596 809 2661 menime
832 2598 923 2676 levit,
951 2617 1123 2681 corumque
1142 2597 1241 2664 libros
1264 2598 1354 2663 dele-

229 2731 231 2736 ·
332 2721 385 2776 tos
406 2720 439 2774 et
456 2705 741 2774 senatusconsulta
758 2707 922 2774 combusta
938 2706 1057 2794 requiri
1076 2727 1209 2790 esseque
1229 2708 1264 2770 in
1282 2728 1355 2772 ma.
1431 2733 1432 2738 ι

335 2821 431 2888 nibus
456 2797 600 2909 permisit
629 2814 676 2896 ⁸):
715 2826 829 2907 postea
856 2825 966 2880 contra
990 2833 1011 2879 a
1038 2814 1204 2886 scribendo
1232 2814 1356 2883 multos

333 2975 536 3000 Μ

408 3077 440 3150 ¹)
457 3078 536 3134 Soet.
550 3079 580 3134 in
600 3079 688 3152 caiig.
716 3057 778 3150 ca'p.
796 3077 834 3135 53
858 3097 916 3152 sqq.
953 3079 1098 3136 consentit
1118 3077 1256 3150 losephus
1277 3081 1355 3150 sputi

335 3161 538 3220 casaubonum.
561 3157 667 3214 ,Suids
696 3167 770 3218 terte
803 3163 933 3231 caligula
956 3163 1070 3232 scripsit
1093 3162 1178 3217 etiarn
1203 3159 1290 3214 libros
1314 3163 1354 3218 de

336 3252 397 3299 arte
413 3242 537 3298 dicendis
569 3233 657 3302 Γαῒος
674 3243 799 3314 Koiocp,
816 3237 848 3304 ὃς
864 3236 998 3310 ἐπεκλήθη
1014 3235 1195 3311 Καλλιγόλας.
1227 3237 1356 3317 Ῥητορι-

334 3320 385 3391 κὴν
401 3324 493 3391 τέχνην
505 3316 673 3390 Ῥωμαϊκοῖς.
715 3320 743 3374 S.
759 3338 785 3376 v.
803 3314 898 3384 Γάϊος.
934 3323 990 3389 Sed
1006 3323 1121 3390 Lipsius
1139 3323 1174 3374 ad
1191 3321 1259 3385 Teo.
1275 3315 1355 3380 'ilnn

333 3403 451 3470 xliii
477 3409 547 3457 extr.
581 3401 696 3455 Suidam
726 3401 786 3455 falti
813 3417 927 3472 esseque
956 3403 1044 3455 libros
1069 3401 1229 3462 Germanici
1260 3413 1352 3472 putat.

332 3487 530 3544 Praetextatus
549 3485 657 3538 Liviam
674 3487 824 3554 Augustam
844 3483 1003 3538 defunctam
1024 3483 1149 3552 caligula
1174 3501 1224 3554 pro
1250 3491 1353 3543 rostris

210 3637 212 3644 J
334 3569 461 3626 laudarit
480 3583 539 3638 cap.
558 3566 596 3620 10
615 3574 646 3620 et
662 3567 804 3620 'liberium
822 3566 948 3621 laudarit
963 3580 1016 3636 pro
1035 3567 1169 3623 concione
1190 3583 1249 3637 cap.
1268 3569 1315 3624 15.

405 3669 438 3743 ²)
457 3687 517 3743 cap.
534 3669 582 3726 49.

405 3773 438 3846 8)
454 3791 516 3845 cap.
534 3773 588 3836 aba
622 3771 670 3832 Sir
687 3779 758 3831 certe
776 3770 846 3826 inter
862 3770 1181 3838 cinomanorum
1205 3775 1239 3828 ab
1255 3792 1285 3830 ec
1308 3793 1351 3830 re-

331 3867 437 3929 pertum
457 3867 503 3912 ert.
563 3875 567 3884 ·
1246 3869 1255 3889 r

408 3960 439 4028 ⁴)
458 3977 522 4029 cap.
542 3955 591 4014 2³.
746 3953 774 4026 i)
794 3969 854 4028 esp.
870 3955 916 4012 47.
1071 3953 1105 4024 ⁶)
1124 3970 1185 4026 cup·
1201 3956 1249 4012 55.

328 4078 331 4088 ·
406 4057 436 4124 ⁷)
455 4061 537 4117 Decr.
554 4075 617 4132 cap.
637 4057 682 4114 lo.
698 4085 733 4101 ·-
757 4057 809 4112 Ed.
828 4073 888 4129 cap.
907 4057 934 4116 i.
951 4056 999 4114 25.
1020 4056 1066 4114 ³0.
1084 4057 1131 4116 42.
1147 4057 1195 4114 45.
1216 4085 1251 4101 -
1274 4059 1303 4116 S.
1318 4065 1348 4118 c.

335 4139 517 4218 ωρ.15.-
549 4141 695 4210 Retinrp.
722 4155 784 4216 cap.
806 4139 849 4202 lb.
1425 4153 1426 4160 ¹

402 4244 434 4314 ⁸)
459 4259 520 4315 cap.
539 4239 583 4297 16.
599 4243 639 4296 20
655 4247 708 4298 eet.
744 4241 821 4298 idem
840 4241 899 4302 iere
918 4243 948 4298 in
961 4241 1151 4304 Domitianum
1167 4243 1296 4314 quadrat.
